2055 2865
814 200 1095 236 *77-

120 295 214 329 omni
229 295 388 329 exercitu
407 295 590 330 Sultanico
611 293 787 340 indigeret
806 295 851 328 ad
870 294 1105 339 ejusfeastelli
1126 295 1367 334 obsidionem,
1397 306 1476 329 cum
1495 295 1653 331 Paschae
1681 300 1784 333 venia

120 355 249 388 auxilia
268 356 537 390 Schamseddini
555 362 591 390 et
611 356 695 389 alias
716 355 887 400 quasdam
907 355 1071 387 cohortes
1093 367 1134 388 ex
1164 357 1324 390 exercitu
1359 369 1423 390 suo
1460 358 1571 391 lectas
1597 358 1715 392 emisit
1742 361 1786 394 ad

120 417 394 460 oppugnandum
423 418 606 451 castellum
635 415 868 449 Hadhourum
896 414 1079 447 al-Masani
1099 416 1173 449 sive
1203 416 1437 449 Hadhourum
1457 417 1670 452 al-Seheikh
1688 426 1718 461 ³3
1747 421 1785 454 il-

118 473 252 521 ludque
268 489 393 521 agmen
412 479 566 524 potitum
585 482 638 510 est
657 475 770 520 primo
792 475 929 519 impetu
947 480 1067 508 monte
1094 474 1284 508 Nowasehi
1301 474 1334 513 b,
1361 477 1423 521 qui
1452 478 1648 512 Hadhouro
1676 480 1787 513 immi-

118 541 182 569 net
200 543 236 569 et
257 537 307 570 ibi
328 538 450 571 castris
466 537 590 581 positis
612 537 649 569 in
667 535 846 580 angustias
867 534 1006 578 redegit
1038 535 1115 579 ejus
1144 534 1279 567 castelli
1307 536 1534 579 praesidium.
1585 541 1657 573 Nee
1676 542 1788 574 multo

120 602 199 642 post
214 609 279 641 per
295 598 534 641 exploratores
554 595 684 628 certior
704 595 820 629 factus
841 607 982 632 eorum,
1010 607 1102 640 quae
1133 594 1178 627 ab
1206 594 1290 628 Alio
1319 595 1425 640 Jahja
1454 599 1681 641 gerebantur,
1709 614 1789 635 con—

119 655 260 688 trahere
281 655 380 688 illum
398 655 516 700 copias
535 667 643 701 quam
660 656 830 701 plurimas
849 668 958 701 prope
978 656 1207 695 Meswarum,
1233 655 1364 702 quibus
1395 663 1558 692 uteretur
1580 661 1624 693 ad
1642 662 1793 695 liberau-

120 714 205 748 dum
223 714 407 750 obsidione
430 716 574 749 castella
595 716 718 750 Tsolae
740 723 776 750 et
796 716 1031 751 Hadhourum
1060 717 1261 756 al-Masani,
1289 717 1399 751 satius
1427 719 1529 752 duxit
1548 721 1793 755 Dei'terdarins

119 776 333 821 imparatum
359 776 477 809 adhuc
505 776 645 810 hostem
674 776 838 821 adgredi,
875 787 983 821 quam
1012 788 1032 809 a
1056 782 1180 821 parato
1210 777 1284 821 ipse
1305 778 1398 822 peti:
1426 787 1644 826 quapropter
1670 795 1796 827 agmen

117 837 463 882 praestantissimum
481 848 523 869 ex
543 836 685 880 optimis
705 837 814 881 copiis
836 837 1029 869 Sultanicis
1049 837 1183 872 lectum
1203 841 1368 884 progredi
1389 840 1498 884 jussit
1516 841 1561 873 ad
1590 842 1793 876 Beit-Ilma-

118 907 206 930 num
223 902 255 935 ⁰,
281 896 378 941 quod
400 895 713 941 supraNokailum
735 896 940 930 al-Mahdad
958 896 973 920 d
1000 896 1107 930 situm
1126 900 1328 945 oppositum
1356 906 1409 933 est
1440 902 1583 934 castello
1612 903 1792 941 Meswari,

121 956 181 989 cui
201 956 333 1001 agmini
351 956 524 1001 praefecit
544 955 658 999 Agam
678 957 846 990 Selahurn
864 957 886 989 f.
906 957 1028 990 Salirni
1045 964 1076 989 e:
1104 959 1280 1005 simulque
1302 961 1491 1005 imperavit
1520 962 1618 1006 Agae
1647 963 1792 996 Morado

119 1016 301 1062 praesecto
327 1016 499 1049 Hasaschi
515 1014 528 1038 f
552 1021 588 1048 et
607 1017 762 1049 Malhani
781 1022 813 1055 g,
840 1023 882 1050 ut
907 1028 988 1049 cum
1009 1018 1120 1061 copiis
1148 1019 1220 1052 suis
1241 1021 1395 1053 eundem
1423 1026 1562 1064 peteret
1590 1022 1726 1061 locum,
1759 1031 1796 1058 et

121 1075 265 1110 Ciwano
283 1077 465 1122 praefecto
487 1077 650 1113 Modaae‚
679 1076 715 1108 in
734 1076 836 1120 eujus
856 1077 1126 1122 propinquitate
1144 1080 1334 1113 Nokailnm
1362 1079 1569 1113 al-Mahdad
1599 1081 1707 1113 situm
1725 1089 1775 1115 est
1789 1109 1796 1120 ,

119 1136 321 1174 mandavit,
357 1143 416 1174 ut,
451 1137 587 1181 aliquot
618 1135 824 1168 cohortibus
855 1147 895 1168 ex
932 1137 1078 1170 Modaae
1113 1139 1292 1183 praesidio
1319 1139 1446 1177 lectis,
1484 1151 1564 1172 cnm
1595 1141 1682 1186 Agis
1717 1143 1793 1176 lau-

120 1197 214 1230 datis
235 1196 468 1230 contenderet
489 1207 610 1229 versus
636 1195 926 1228 Bcit-Ilmanum:
961 1208 1033 1241 quo
1062 1197 1156 1230 sacto
1181 1199 1301 1243 justae
1334 1199 1589 1244 magnitudinis
1620 1202 1796 1235 exercitus

119 1270 202 1291 eum
227 1258 265 1290 in
287 1258 406 1290 locum
433 1257 620 1295 convenit,
654 1268 762 1302 quem
789 1257 977 1301 Mustapha
1006 1259 1146 1291 ornavit
1172 1265 1343 1304 apparatu
1372 1260 1500 1294 bellico
1540 1262 1731 1307 multiplici
1760 1271 1797 1298 et

117 1318 270 1363 copioso.
321 1318 483 1351 Hasanus
503 1316 641 1351 Pascha
667 1329 810 1362 quoque
838 1329 950 1362 quum
979 1329 998 1349 a
1028 1318 1253 1352 Desterdario
1288 1333 1380 1365 quae
1413 1333 1468 1355 res
1498 1327 1663 1365 ageretur
1690 1335 1793 1357 aece-

116 1377 243 1422 pisset,
265 1378 392 1411 eodem
411 1379 507 1411 misit
524 1378 679 1411 militum
698 1388 967 1422 manumquam
986 1377 1121 1411 Ciwani
1142 1380 1293 1413 inseruit
1314 1381 1426 1426 copiis
1447 1387 1483 1414 et
1503 1383 1655 1416 multum
1669 1384 1794 1427 lauda:

115 1437 170 1471 vit
190 1438 398 1483 Mustaphae
419 1439 633 1483 prudentem
653 1443 688 1469 et
707 1441 906 1480 promptam
923 1438 1050 1481 agendi
1070 1439 1254 1472 rationem.

165 1498 243 1530 Hoc
271 1510 416 1542 quoque
446 1509 565 1529 mense
594 1497 672 1540 Aga
699 1496 906 1541 Mustapha‚
934 1510 1042 1542 quem
1070 1499 1114 1531 ad
1143 1500 1329 1534 Sultanum
1349 1502 1529 1546 legaverat
1550 1505 1688 1539 Pascha
1709 1519 1789 1542 cum

119 1558 391 1603 expugnationis
410 1557 649 1590 Dzamarmari
675 1557 821 1594 nuntio,
848 1557 1155 1603 Constantinopoli
1175 1561 1283 1593 rediit
1304 1564 1454 1595 Sanaam
1474 1576 1555 1597 011111
1574 1559 1672 1599 veste
1692 1570 1792 1613 regia

121 1619 320 1656 Sultanica,
355 1630 375 1650 a
407 1619 552 1650 Sultano
590 1617 634 1649 ad
665 1616 838 1649 Pas-eham
875 1618 999 1656 missa,
1028 1624 1064 1651 et
1101 1620 1272 1663 rescripto
1304 1622 1442 1654 Sultani
1478 1625 1626 1667 gratiam
1656 1630 1794 1672 agentis

119 1679 261 1713 Hasano
282 1690 434 1723 eumque
455 1678 633 1710 laudantis
651 1682 795 1721 propter
819 1688 874 1709 res
900 1677 938 1710 iu
964 1679 1112 1711 Jemana
1143 1680 1282 1724 egregie
1312 1687 1348 1713 et
1375 1681 1516 1715 sortiter
1542 1691 1667 1728 gestus.
1720 1689 1796 1722 Ad.

120 1739 222 1773 duxit
238 1731 382 1785 quoque
400 1740 537 1784 legatus
561 1739 619 1771 illc
655 1737 858 1771 Sultanicus
887 1751 950 1783 per
978 1740 1135 1773 Paschae
1161 1740 1454 1776 intercessionem
1475 1750 1511 1777 et
1530 1757 1571 1778 ex
1592 1747 1670 1791 ejus
1696 1761 1797 1794 roga-

120 1801 219 1835 tione
246 1806 381 1834 vestam
411 1801 661 1838 honorificam,
693 1799 730 1831 in
755 1799 939 1834 Izzcddini
956 1801 1132 1845 Principis
1155 1800 1357 1836 Caucabani
1387 1816 1491 1838 usum
1517 1811 1553 1838 et
1583 1807 1754 1843 honorem
1775 1824 1795 1844 a

123 1861 272 1895 Sultano
289 1861 447 1900 missam,
473 1874 581 1907 quam
600 1862 645 1894 ad
664 1861 741 1906 ejus
763 1860 876 1893 filium
905 1860 1224 1894 Schamseddinum
1248 1860 1344 1894 misit
1372 1863 1509 1898 Pascha
1539 1867 1586 1900 ad
1610 1870 1721 1913 patris
1742 1883 1794 1904 re-

123 1921 276 1966 spiciens
292 1922 419 1955 merita
437 1924 589 1968 egregia.

171 1980 348 2014 Continua
378 1994 474 2015 nunc
509 1982 772 2027 oppugnatione
807 1982 1082 2027 impugnabatur
1123 1995 1143 2016 a
1181 1983 1407 2019 Defterdario
1446 1988 1635 2035 Mustapha
1672 1993 1803 2027 Tsolae-

125 2039 326 2078 castellum,
353 2042 449 2086 quod
470 2041 636 2085 operibus
656 2042 867 2075 militaribus
887 2043 1044 2088 undique
1064 2045 1221 2078 cinctum
1245 2047 1429 2080 tormentis
1455 2049 1593 2083 bellicis
1620 2058 1731 2084 noctu
1758 2060 1796 2086 et

126 2097 284 2132 interdiu
298 2100 489 2143 petebatur
510 2107 585 2135 tum
604 2114 623 2135 e
639 2102 777 2136 munito
794 2101 873 2134 loco
891 2102 985 2136 inter
1003 2103 1125 2138 Tsolae
1149 2109 1456 2152 propugnaculum
1478 2115 1514 2143 et
1533 2111 1718 2144 castellum
1738 2125 1794 2146 ex-

1680 2178 1794 2207 struc-

186 2276 324 2332 aga-ss
343 2266 476 2326 ,ῥὲῳ
504 2280 632 2328 (ξμς
659 2271 784 2333 &aasz
803 2265 930 2330 225ss.
1098 2281 1236 2328 δάμη
1266 2288 1352 2326 aue.
1521 2287 1648 2334 emtas
1677 2304 1763 2330 Qe-

185 2359 201 2382 ο
218 2350 353 2394 scissi
381 2363 465 2401 με.
634 2369 647 2387 e
665 2356 735 2414 μιᾷ
762 2377 805 2412 0÷
835 2352 925 2418 esti.
1034 2389 1043 2395 .
1103 2364 1240 2405 stass..
1409 2371 1424 2396 ε
1441 2366 1568 2415 01511,
