2055 2865
849 169 1132 203 ...-36-.

160 267 383 318 quarundam
418 266 681 301 Sultaniearum
706 258 810 298 erant
838 262 1024 297 resectae:
1060 261 1324 297 Mohannnedes
1352 260 1374 297 f.
1405 261 1577 299 Ahmedis
1607 275 1688 300 cum
1718 265 1831 311 copiis

162 334 234 367 suis
254 337 290 365 et
308 330 445 374 reliquo
465 327 561 361 omni
582 326 740 360 exercitu
757 325 899 363 obviam
919 325 987 358 ivit
1005 324 1161 358 Jakouto
1182 331 1219 358 et
1246 324 1279 358 ei
1299 325 1455 358 occurrit
1479 337 1587 371 prope
1614 328 1800 361 Tsoumam
1815 332 1831 349 θ

166 395 203 426 in
225 391 361 425 ditione
388 388 570 426 Memmi-i,
597 386 659 420 ubi
689 387 811 421 statim
845 397 927 420 eum
956 397 1140 430 aggressus
1174 391 1228 419 est
1257 385 1315 419 die
1342 385 1386 420 18
1414 385 1633 420 Ramadhani
1659 388 1742 422 anni
1763 387 1835 423 990

169 454 217 494 (a.
236 452 269 485 d.
291 450 322 486 7.
343 449 509 485 Octobris
530 448 620 483 1582
630 449 653 492 ).
704 448 783 481 Mox
801 447 962 492 superior
978 446 1093 480 sactus
1112 446 1266 491 ingenti,
1293 458 1357 491 pro
1376 447 1531 481 militum
1555 458 1720 487 numero,
1747 454 1836 482 stra—

166 527 206 560 ge
224 513 347 547 affecit
364 513 580 549 Jakoutum,
607 511 657 544 ita
677 516 718 544 ut
745 509 804 543 hie
824 509 994 554 reliquias
1014 507 1195 552 copiarum
1224 519 1368 541 suarum
1393 508 1450 542 vix
1477 509 1687 542 contrahere
1712 514 1840 554 potue-

166 576 212 609 rit
231 576 268 608 in
283 574 414 608 montis
430 571 621 618 propinqui
649 582 819 605 cacumen
845 577 880 604 et
904 582 1030 616 parum
1050 569 1223 609 abfuerit,
1249 570 1337 616 quin
1361 570 1504 615 penitus
1533 570 1728 604 interiisset
1756 581 1838 604 cum

169 637 265 671 omni
292 635 460 671 exercitu.
520 634 578 667 Ibi
609 639 727 667 tamen
750 632 913 666 constitit
940 637 977 665 et
1003 630 1167 664 defendit
1194 643 1230 664 se
1258 642 1322 676 pro
1349 630 1485 664 viribus
1523 631 1594 664 suis
1612 657 1619 669 ,
1656 631 1842 666 obsidione

168 699 309 732 cinctus
327 709 347 730 a
365 695 622 730 Mohammedis
642 694 662 728 s.
690 693 864 727 Alnnedis
883 691 1041 726 exercitu
1069 697 1105 725 et
1135 692 1298 725 omnibus
1317 693 1442 726 ineolis
1469 693 1563 726 illius
1580 693 1753 738 regionis,
1780 686 1843 739 qui

171 759 417 794 lubentissime
444 755 679 791 Mollammcdi
706 767 742 788 se
770 755 1021 799 adjunxerunt.
1072 751 1210 786 Audito
1239 752 1348 798 hujus
1376 753 1486 787 eladis
1508 755 1653 793 nuntio,
1681 753 1842 788 Izzeddi-

169 834 237 856 nus
252 821 370 855 statim
388 819 483 852 misit
500 818 629 851 ducem
647 827 751 850 suum
770 814 996 848 Schabanum
1011 825 1133 848 versus
1150 814 1354 853 Tsoumam,
1380 821 1422 848 ut
1440 816 1636 849 Jakoutuln
1662 816 1847 851 obsidione

170 883 357 916 liberaret:
384 879 446 924 qui
472 883 591 911 tamen
617 889 694 910 sero
718 876 834 914 venit,
869 875 1039 921 quoniam
1066 875 1237 914 Sinanus,
1273 880 1315 908 ut
1343 879 1419 907 erat
1444 875 1587 919 propior
1615 876 1788 910 Tsoumae
1806 883 1844 911 et

173 943 261 976 adeo
279 941 377 987 prius
398 939 585 973 audiverat
602 937 800 971 Jakoutum
826 938 1064 971 calamitatem
1084 949 1228 983 passum
1253 936 1407 970 obsideri
1432 947 1451 969 a
1468 935 1732 976 Mollammede‚
1761 938 1848 972 cita—

174 1003 309 1037 tissimo
339 1014 445 1036 eursu
474 1012 555 1034 cum
584 1000 778 1033 lectissimo
806 1000 944 1044 agmine
977 1011 1059 1033 eum
1082 1000 1201 1032 locum
1236 998 1416 1043 petiverat
1442 1003 1479 1031 et
1508 998 1691 1032 Izzeddini
1721 999 1849 1034 ducem

173 1065 381 1099 restituerat
398 1062 435 1095 in
459 1061 672 1094 libertatem.
724 1060 812 1093 Cum
836 1073 919 1094 vero
947 1061 1117 1107 deinceps
1145 1059 1352 1093 Schabanus
1381 1059 1575 1093 advenerat
1603 1061 1648 1094 ad
1680 1061 1850 1096 Sinanum

175 1125 270 1172 apud
291 1125 498 1161 Tsoumam,
526 1122 806 1160 constituerunt,
833 1133 878 1154 ne
907 1122 1083 1155 incassum
1110 1121 1199 1154 illud
1226 1121 1293 1153 iter
1320 1120 1379 1154 ille
1404 1119 1529 1155 secisse
1557 1121 1741 1156 videretur
1767 1134 1850 1158 cum

176 1192 277 1221 tanto
304 1184 481 1222 exercitu,
509 1184 691 1228 regionem
720 1183 846 1222 Laam,
873 1183 901 1216 si
926 1184 1005 1217 fieri
1031 1188 1168 1228 posset,
1205 1182 1272 1216 sibi
1299 1181 1487 1228 subjicere.
1539 1183 1746 1219 Diviserunt
1765 1198 1848 1232 ergo

176 1248 273 1282 illam
292 1253 423 1280 terram
442 1245 534 1279 inter
553 1257 606 1284 se,
633 1245 839 1284 statuendo,
866 1257 958 1292 quae
977 1245 1130 1291 quisque
1150 1244 1296 1278 castella
1315 1250 1352 1278 ct
1378 1244 1509 1290 oppida
1536 1245 1648 1281 aliave
1667 1246 1746 1280 loca
1773 1259 1852 1281 mu-

180 1309 257 1343 nita
276 1313 510 1353 expugnaret:
538 1319 610 1352 quo
629 1306 724 1340 facto
738 1306 839 1341 brevi
860 1312 1018 1353 tempore
1036 1313 1188 1355 uterque
1207 1308 1384 1342 exereitus
1402 1307 1453 1341 ita
1473 1308 1659 1341 consilium
1681 1320 1783 1343 suum
1802 1315 1857 1343 est

185 1375 395 1406 exsecutus,
422 1373 464 1401 ut
484 1379 624 1401 onmem
645 1367 748 1401 istam
774 1368 955 1413 regionem
983 1369 1021 1403 in
1045 1381 1145 1402 suam
1171 1369 1375 1413 redegerint
1399 1375 1623 1414 potestatem.
1674 1370 1857 1406 Convene-

167 1435 269 1464 'runt
286 1429 371 1463 dein
390 1428 441 1463 illi
460 1429 569 1463 duces
596 1434 676 1474 post
694 1428 803 1473 hujus
831 1430 986 1474 regionis
1011 1431 1309 1475 expugnationem
1334 1430 1371 1463 in
1397 1431 1515 1463 locum
1543 1431 1681 1465 dictum
1708 1433 1857 1467 Beit-A-

188 1492 303 1525 dzaka
320 1491 352 1530 b,
380 1502 421 1524 ex
440 1491 541 1524 terris
561 1490 739 1529 Meswari,
767 1496 819 1530 et,
847 1492 1050 1537 conjunctis
1069 1493 1118 1526 ibi
1137 1491 1335 1537 agminibus
1352 1491 1560 1536 petiverunt
1586 1492 1712 1525 Orram
1729 1498 1742 1515 ⁰
1767 1504 1861 1527 eam.-

186 1566 256 1599 que
279 1552 454 1586 munitam
484 1552 610 1585 urbem
637 1564 680 1585 eo
704 1551 781 1596 ipso
808 1551 867 1584 die
895 1560 1160 1598 expugnarunt:
1190 1560 1276 1587 tune
1307 1553 1460 1586 Sinanus
1487 1553 1595 1586 rediit
1614 1554 1657 1586 ad
1685 1554 1862 1594 Modaam,

189 1613 397 1647 Sehabanus
416 1611 677 1645 Caucabauum.
730 1611 1006 1646 Mothahherum
1030 1620 1200 1658 nepotem
1227 1624 1330 1646 suum
1354 1612 1376 1645 f.
1407 1612 1526 1645 Selabi
1547 1613 1759 1647 Izzeddinus
1779 1615 1865 1656 dein

190 1673 366 1719 disposuit
384 1683 464 1705 cum
485 1672 645 1705 exercitu
664 1683 743 1710 suo,
773 1677 940 1718 tanquam
959 1674 1195 1719 praesidium,
1222 1674 1259 1707 in
1285 1679 1405 1706 monte
1434 1673 1597 1717 Djidmae
1616 1672 1648 1715 ἀ;
1676 1674 1761 1708 dum
1790 1676 1863 1709 Mo-

188 1733 394 1770 hammedes
413 1731 435 1765 f.
456 1731 564 1766 Hadii
583 1744 647 1777 pro
665 1731 748 1765 Alio
767 1732 872 1778 Jahja
890 1734 1016 1768 urbem
1037 1736 1247 1769 Meswarum
1272 1734 1423 1767 retinuit
1448 1733 1570 1778 ibique
1600 1735 1742 1769 resedit.
1793 1737 1867 1771 Mo-

191 1795 396 1830 hammedes
416 1805 500 1827 vero
517 1791 538 1826 f.
555 1791 728 1826 Ahmedis
746 1799 827 1838 post
844 1800 996 1839 stragem
1017 1795 1189 1829 exercitui
1207 1808 1270 1829 suo
1294 1807 1314 1828 a
1336 1795 1466 1828 Sinano
1486 1794 1635 1833 illatam,
1663 1796 1802 1841 aufugit
1819 1798 1863 1832 ad

193 1855 479 1893 Gautseddinum
495 1865 617 1894 versus
635 1852 800 1887 Affiu-um
824 1855 947 1901 ibique
974 1856 1194 1902 aliquamdiu
1221 1856 1408 1894 remansit,
1434 1856 1548 1889 donec
1574 1856 1713 1890 videret
1735 1856 1866 1902 Gautsf

194 1918 364 1952 eddinum
391 1915 562 1949 inclinare
582 1915 627 1948 ad
654 1926 778 1960 pacem
799 1928 880 1949 cum
899 1917 1040 1951 Hasano
1057 1918 1194 1951 Pascha
1210 1917 1507 1964 componendam:
1536 1925 1621 1953 tune
1645 1920 1753 1965 petiit
1778 1921 1866 1955 Sau-

193 1981 274 2014 dam
293 1979 415 2024 ibique
435 1982 488 2010 est
507 1981 741 2010 commoratus
762 1976 876 2011 donee
897 1979 1023 2012 Modaa
1043 1979 1173 2013 Sinano
1195 1979 1406 2014 traderetur.

243 2041 288 2073 In
314 2039 417 2072 initio
443 2044 563 2071 autem
592 2037 677 2070 belli
704 2037 741 2070 in
767 2038 1049 2074 occidentalibus
1078 2041 1152 2074 Alii
1181 2041 1307 2084 Jahjae
1337 2039 1439 2073 terris
1465 2040 1579 2085 gesti,
1623 2053 1704 2076 cum
1738 2040 1865 2077 Modaa

197 2101 329 2135 arctius
354 2100 474 2145 eoepit
502 2098 596 2145 cingi
622 2104 659 2131 et
686 2098 841 2131 obsideri
868 2098 1066 2146 fortiusque
1095 2101 1292 2147 oppugnari
1318 2113 1337 2133 a
1364 2100 1512 2140 Sinano,
1547 2102 1666 2136 locum
1692 2104 1866 2139 habuerat

198 2161 448 2196 coimnereium
472 2172 536 2207 per
564 2160 702 2193 litteras
733 2165 770 2193 et
796 2159 929 2205 legatos
957 2161 1050 2196 inter
1075 2161 1198 2196 Alium
1226 2161 1369 2208 Jahjam
1395 2167 1431 2196 et
1465 2162 1639 2199 Imamum
1663 2165 1862 2203 Hasanum,

1774 2225 1879 2273 prin‹

252 2343 267 2359 ²
285 2342 333 2379 <2
372 2335 390 2373 i,
556 2335 574 2360 b
591 2332 691 2369 ϊέἲώκε
722 2351 806 2377 2³⁸5&
975 2344 988 2361 t
1022 2353 1037 2361 ⁶
1217 2338 1230 2362 d
1249 2338 1376 2387 Γᾲξὶζῖ,
