2055 2865
865 188 936 208 4—
984 174 1166 220 47“-ο-»

165 266 401 315 ‘besterdario
420 268 608 321 Musiaplia
629 270 891 322 ipsu‘m'Al'ium
918 272 1064 322 Jahjam
1090 273 1243 323 petebat
1269 274 1368 324 apud
1377 275 1545 321 'Tsolain3
1574 274 1720 315 tertium
1746 282 1844 317 exer-

164 341 284 375 'citum
302 339 525 384 disposuerat
544 337 743 377 Schibami,
768 348 814 371 ne
839 347 882 370 cx
911 336 1096 382 inopinato
1124 338 1293 372 damnum
1311 345 1497 384 pateretur
1524 349 1589 385 per
1614 340 1689 376 AJii
1711 342 1839 389 Jahjae

167 399 404 446 irruptionem
433 398 673 440 substanemm
700 398 856 443 reliquos
882 396 1041 442 denique
1069 395 1202 431 milites
1231 399 1269 432 in
1295 401 1555 435 occidentalem
1580 401 1727 437 ditionis
1755 416 1839 440 suae

164 466 305 507 *partem
331 459 492 498 miserat,
528 468 635 505 quam
660 457 897 492 defenderent
927 463 1052 491 eontra
1078 457 1237 492 hostium
1265 471 1343 493 eam
1373 461 1673 497 circumdantium
1705 464 1840 499 vimet

164 522 414 560 incursionem.
471 519 583 553 Aliud
614 523 732 552 tamen
758 518 868 552 etiam
906 526 1033 565 agmen
1061 530 1158 554 nunc
1191 520 1290 553 misit
1319 520 1363 554 ad
1393 527 1507 555 castra
1533 523 1715 559 Sultanica
1744 527 1840 571 apud

162 582 468 618 'Dza1narmarum‚
503 579 594 614 bene
619 579 847 626 perspiciens
869 591 912 615 eo
944 580 1053 615 citius
1079 578 1214 616 bellum·
1249 581 1324 616 sore
1351 586 1536 627 peractum
1547 597 1561 620 ·‚
1597 596 1669 629 quo
1709 586 1836 622 fortius

163 647 337 688 ageretur.
982 639 987 642 ⁴

161 708 167 715 “
211 702 311 738 Huic
325 703 600 748 ergoexercitui
615 702 691 748 jam
711 702 796 737 satis
817 702 936 739 valido
956 703 1119 738 Hasanus
1136 703 1311 750 praefecit
1341 702 1456 749 Agam
1485 704 1654 739 Selahum
1674 705 1696 740 f.
1718 707 1838 741 Selimi

163 771 200 799 ct
228 764 424 798 Hoseinum
453 764 592 810 Jazedji
622 763 842 798 Diwanium:
869 763 1000 799 deinde
1030 761 1124 799 liuic'
1143 765 1475 810 Constantinopolin
1502 766 1683 812 ablegato,
1717 768 1772 802 uti
1802 770 1838 803 in

158 812 550 872 'praccetlcntissscapitis
571 825 643 858 fine
661 819 951 864 memoravimus,
978 818 1150 860 successit
1177 826 1281 860 Alius
1301 824 1491 859 Mohordar
1508 832 1531 860 ².
1581 828 1725 863 Divisus
1753 836 1838 864 tune

161 887 232 921 suit
249 886 308 919 hic
325 886 500 919 exercitus
523 885 560 918 in
579 883 668 918 duas
695 891 831 931 partes,
857 894 1010 932 quarum
1038 887 1149 920 altera
1176 887 1215 920 in
1246 886 1371 920 castris
1397 898 1434 920 se
1464 888 1645 923 continuit
1671 890 1838 925 Dzamai···-

162 953 258 982 maro
279 946 468 992 oppositis,
495 946 606 979 altera
624 957 661 979 sc
692 946 800 979 vertit
825 946 869 979 ad
897 947 1024 981 vallem
1054 947 1169 981 Sirrae
1187 946 1203 969 b
1233 953 1271 981 et
1296 947 1499 981 Koradham
1519 954 1550 987 c,
1575 949 1707 994 quibus
1735 953 1837 985 terris

162 1008 339 1044 Lothi'alla
357 1007 562 1052 imperabat.
613 1006 670 1040 Ibi
688 1006 920 1051 paucissimos
947 1006 1167 1040 invenerunt
1188 1007 1343 1050 incolas3
1369 1008 1555 1041 maximam
1576 1009 1735 1044 virorum
1762 1023 1839 1057 par-

162 1077 236 1104 tem
266 1068 441 1104 Lothfalla
472 1072 635 1110 coegerat
665 1078 748 1100 cum
776 1066 946 1102 uxoribus
974 1073 1010 1101 et
1037 1066 1158 1102 liberis
1198 1067 1332 1102 intrare
1371 1069 1660 1103 Dzamarmarum
1688 1076 1725 1104 ct
1751 1072 1836 1106 illuc

156 1135 397 1175 transportare
434 1122 653 1161 frumentum
684 1132 721 1161 et
755 1127 849 1162 bone
888 1140 951 1162 sua
971 1153 979 1168 ,
1022 1134 1064 1162 ut
1093 1128 1183 1162 adeo
1212 1134 1249 1163 et
1281 1127 1455 1164 militibus
1495 1130 1648 1164 sortibus
1669 1156 1676 1170 ‚
1710 1133 1834 1178 quales

159 1190 293 1226 Sirrani
313 1194 414 1223 erant
430 1192 468 1222 et
493 1187 757 1228 Koradhenses,
785 1189 830 1223 ad
858 1189 955 1224 urbis
983 1189 1228 1224 defensionem
1256 1195 1422 1224 uteretur
1449 1197 1486 1226 et
1511 1191 1683 1225 frumenti
1708 1204 1836 1239 magna

157 1250 360 1298 eopiailluc
386 1249 543 1283 deducta
569 1261 589 1284 a
617 1249 709 1285 fame
730 1263 851 1285 omnes
879 1251 1069 1294 liberaret;
1095 1251 1235 1297 reliqua
1263 1250 1462 1286 incolarum
1491 1264 1589 1297 pars,
1616 1253 1833 1288 adventante

151 1309 315 1347 ‘citercitu
336 1311 520 1346 Sultanico
540 1310 728 1357 aufugerat
749 1323 871 1346 versus
893 1312 1100 1358 adjacentes
1119 1318 1248 1351 terras,
1275 1317 1337 1345 aut
1356 1324 1393 1346 se
1420 1319 1605 1358 receperat
1633 1315 1671 1347 in
1695 1322 1834 1349 montes

151 1372 343 1409 altissimos
365 1377 402 1407 et
418 1373 497 1407 loca
517 1373 680 1406 hostibus
706 1373 811 1406 invia,
864 1373 1102 1407 Securitatem
1123 1378 1200 1406 tum
1218 1372 1409 1418 spopondit
1427 1373 1589 1408 Hasanus
1616 1374 1767 1410 Sirranis
1796 1383 1833 1411 et

154 1429 462 1472 Koradhensibus,
491 1433 520 1467 si
537 1433 582 1467 ad
601 1433 726 1466 domus
746 1434 879 1466 reversi
899 1434 1088 1478 tranquille
1110 1440 1146 1467 et
1165 1434 1288 1480 quiete
1307 1433 1496 1479 degerent,
1522 1440 1559 1468 at
1578 1446 1683 1470 nemo
1707 1448 1831 1473 eorum

154 1492 273 1528 rediit.
323 1493 483 1539 Cumque
502 1491 591 1526 adeo
609 1503 655 1526 ne
669 1504 762 1525 unus
781 1493 926 1538 quidem
949 1505 989 1527 ex
1010 1494 1136 1527 incolis
1157 1494 1234 1539 ejus
1253 1494 1407 1539 regionis
1426 1507 1462 1529 se
1483 1495 1603 1530 denuo
1622 1495 1724 1531 daret
1745 1509 1827 1533 con-

151 1548 379 1601 spiciendum
406 1554 515 1599 idque
543 1552 702 1587 Paschae
730 1558 824 1586 esset
847 1554 1072 1593 nuntiatum,
1099 1555 1211 1588 iratus
1229 1554 1276 1587 ob
1296 1566 1421 1588 eorum
1438 1556 1675 1591 diffidentiam
1697 1560 1829 1593 milites

150 1615 260 1662 jussit
285 1624 385 1660 agros
411 1620 569 1653 vastare,
598 1612 724 1647 domus
747 1618 784 1646 et
813 1613 910 1646 vicos
931 1625 1038 1659 quam
1064 1614 1234 1659 plurimos
1262 1614 1470 1648 comburere
1497 1621 1534 1648 ct
1559 1623 1674 1651 castra
1699 1630 1830 1663 ponere

155 1677 360 1722 diligenter,
386 1680 429 1708 ut
447 1675 486 1708 in
515 1679 611 1709 terra
636 1672 777 1712 hostili,
806 1674 1040 1708 custodienda
1061 1675 1105 1708 ad
1125 1673 1305 1707 Kardham
1325 1674 1473 1708 as-Sofla
1490 1675 1505 1698 d
1530 1676 1568 1709 in
1586 1678 1676 1712 valle
1702 1680 1827 1715 Sirrae.

143 1737 230 1772 'Hoc
250 1742 371 1771 autem
386 1746 459 1769 non
478 1733 609 1770 frustra
627 1741 681 1769 est
700 1735 851 1769 sactum:
879 1746 1011 1781 paucos
1035 1737 1129 1769 enim
1151 1736 1227 1769 dics
1249 1741 1486 1770 commoratus
1514 1737 1564 1770 ibi
1592 1744 1667 1773 erat
1694 1740 1825 1776 Hasani

152 1798 345 1836 exercitus,
372 1808 484 1843 quum
513 1796 652 1830 hostem
681 1796 965 1843 adpropinquare
992 1796 1236 1830 nuntiabatur.
1288 1795 1373 1830 Erat
1401 1797 1432 1830 is
1460 1798 1637 1833 exercitus
1666 1812 1685 1834 a
1713 1801 1821 1836 Loth—

143 1859 233 1893 >salla
249 1858 396 1897 missus,
422 1857 484 1905 qui
515 1858 634 1904 copias
664 1857 864 1892 Sultanicas
886 1870 905 1892 e
931 1857 1074 1902 regione
1102 1857 1243 1891 Sirrana
1272 1857 1440 1903 ejiceret,
1467 1859 1511 1893 ad
1538 1871 1645 1905 quem
1671 1863 1825 1898 conflue-

141 1910 239 1955 *bant
264 1918 424 1965 undique
444 1919 578 1953 Sirrani
603 1930 730 1965 magno
757 1930 925 1957 numero,
952 1918 1081 1964 partim
1106 1919 1209 1953 ducti
1234 1930 1294 1965 spe
1315 1920 1639 1965 recuperandarum
1655 1923 1824 1959 domuum

143 1983 297 2017 'suarum
326 1991 407 2015 cum
433 1980 536 2013 terris
563 1984 601 2013 et
628 1979 749 2018 bonis,
775 1979 906 2025 partim
935 1979 1078 2014 incitati
1104 1980 1285 2014 vindictae
1315 1981 1483 2026 cupidine
1511 1987 1548 2015 et
1568 1982 1621 2016 ira
1638 1984 1685 2017 ob
1700 1985 1824 2019 domus

153 2042 371 2080 combustas,
398 2052 498 2088 agros
515 2045 673 2074 vastatos
691 2040 905 2086 arboresque
927 2041 1069 2075 excisas.
1120 2040 1265 2075 Acriter
1293 2047 1380 2076 tunc
1400 2048 1597 2088 pugnatum
1623 2050 1677 2078 est
1703 2045 1821 2080 simul-

154 2110 262 2149 atque
291 2101 335 2135 ad
364 2102 515 2136 alterum
535 2107 732 2135 accesserat
750 2102 850 2146 ⁴alter
878 2100 1055 2136 exercitus
1081 2107 1119 2136 et
1139 2103 1279 2149 saepius
1308 2102 1462 2137 victoria
1489 2103 1534 2137 ab
1552 2104 1662 2137 altera
1680 2105 1755 2140 acie
1776 2108 1821 2141 ad

150 2164 298 2198 alteram
312 2160 501 2196 videbatur
519 2162 769 2207 transvolare3
805 2160 950 2198 tandem
981 2161 1155 2199 Sultanici
1181 2162 1345 2199 vicerunt
1376 2170 1413 2198 et
1438 2163 1648 2210 repulerunt
1663 2164 1822 2201 Lothfal-

133 2215 137 2220 ¹
157 2227 162 2230 ”
1767 2229 1822 2264 lac

203 2324 346 2388 22532232,
372 2337 392 2367 h
421 2348 447 2368 e.
468 2336 583 2378 sayna·
605 2340 717 2369 cum„
899 2328 1002 2388 ujmss
1030 2341 1125 2384 &0³2-
1257 2340 1394 2376 tamis.
1527 2321 1684 2391 1³OEth
1713 2341 1794 2390 22³2?

1350 2375 1367 2388 A
