2055 2865
952 219 1257 254 —114—

276 320 404 355 multis.
455 317 540 352 Erat
561 317 655 351 enim
676 316 770 349 inter
788 326 847 348 eos
867 314 967 348 firma
989 320 1025 348 et
1045 314 1179 348 sincera
1199 314 1373 353 amicitia,
1399 326 1505 359 quam
1525 315 1694 355 inierant,
1721 317 1802 350 vivo
1823 317 1940 351 adhue

278 379 521 415 Mohammede
543 377 564 411 f.
585 375 871 413 Schamseddini‚
897 386 1007 420 quum
1026 375 1063 407 in
1081 387 1162 419 agro
1192 373 1395 407 Ilauschani
1425 380 1539 406 castra
1560 376 1733 419 posuisset
1755 377 1940 422 Mustapha

275 444 311 476 in
330 441 509 487 superiore
531 439 653 472 Tsolae
672 436 872 474 obsidione,
899 448 1075 481 quamque
1095 436 1263 480 deinceps
1286 447 1420 480 semper
1449 440 1674 468 servaverant
1694 441 1730 467 et
1748 437 1939 469 coluerant.

273 503 427 549 Ingressi
447 502 590 535 domum
608 498 784 544 quandam
805 503 839 530 et
862 509 901 529 ex
912 496 1224 540 Mustaphaemore
1244 496 1395 529 dimissis
1415 496 1577 529 omnibus
1599 508 1616 528 c
1639 497 1816 534 conclavi,
1842 499 1938 542 quod

272 566 509 601 intraverant,
536 561 580 594 de
600 559 704 593 rebus
724 558 895 592 Ibrahimi
915 557 977 590 diu
1005 563 1151 601 egerunt
1182 563 1217 590 et
1246 557 1376 595 omnia,
1401 569 1493 602 quae
1524 556 1690 590 faciunda
1710 557 1940 596 videbantur,

273 625 546 660 constituerunt.
607 621 723 654 Finita
753 619 1011 652 consultatione
1051 617 1156 649 rediit
1196 617 1381 662 Mustapha
1410 618 1454 650 ad
1494 624 1607 651 castra
1640 630 1719 655 sua,
1754 625 1940 664 postquam

274 684 551 720 Schamseddino
570 680 817 715 Caucabanum
847 677 1013 711 redeunti
1041 677 1178 721 egregia
1207 678 1401 710 donaverat
1427 689 1590 716 munera,
1617 678 1710 711 inter
1735 679 1802 711 alia
1832 691 1941 717 annu-

272 748 364 785 lum,
390 756 495 791 quem
524 748 658 787 gestare
688 740 824 772 solebat
852 739 945 783 ipse,
972 738 1073 782 cujus
1093 737 1250 782 pretium
1271 742 1511 770 trecentorum
1534 744 1611 771 erat
1639 750 1861 773 nummorum
1881 752 1940 773 au-

268 817 417 841 reorum.

317 867 466 900 Sinanus
487 867 605 896 autem
626 867 810 906 postquam
832 859 995 904 cognovit
1017 857 1145 891 frustra
1157 856 1277 890 Alium
1297 856 1438 901 Jahjam
1457 857 1574 890 omnia
1593 865 1757 891 conatum
1778 871 1871 897 esse,
1897 867 1938 893 ut

268 926 449 961 Ibrahimo
476 923 696 957 deditionem
732 920 865 954 castelli
902 920 1024 953 Tsolae
1060 918 1316 963 persuaderet,
1353 917 1460 951 finem
1493 917 1580 951 fecit
1614 919 1869 964 colloquiorum
1905 928 1940 954 et

273 986 476 1023 commercii
501 984 613 1018 omnis
639 988 674 1016 et
700 982 839 1027 paravit
865 993 899 1013 se
926 980 970 1013 ad
997 980 1064 1013 iter
1090 979 1293 1012 faciendum
1320 980 1467 1013 Sanaam
1493 990 1574 1011 cum
1600 979 1682 1013 Alio
1708 980 1822 1025 Jahja.
1873 981 1938 1014 Die

269 1061 350 1094 ergo
378 1047 420 1082 17
446 1044 641 1090 Djomadae
668 1044 716 1087 (a.
752 1043 784 1075 d.
811 1041 834 1074 6
859 1040 980 1083 Junii)
1014 1040 1166 1084 profecti
1203 1046 1284 1073 sunt
1319 1040 1363 1073 ad
1397 1040 1556 1074 Paschae
1584 1040 1720 1079 sedem,
1756 1053 1939 1087 quumque

268 1111 409 1144 Hasano
433 1106 637 1140 nuntiatum
657 1109 749 1137 esset
783 1113 842 1134 eos
877 1100 1045 1133 advenire
1081 1106 1117 1132 et
1143 1101 1441 1145 appropinquare,
1474 1102 1583 1145 jussit
1618 1114 1677 1135 eos
1709 1114 1821 1135 unum
1845 1102 1940 1136 diem

268 1167 475 1203 commorari
500 1167 538 1198 in
562 1165 706 1202 Dhilaa,
734 1169 774 1195 ut
800 1162 936 1194 interea
961 1166 1144 1204 pararetur
1171 1160 1346 1193 exercitus
1375 1160 1594 1199 SultanieuS‚
1621 1162 1684 1207 qui
1710 1162 1793 1196 Alio
1812 1163 1938 1208 Jahjae

267 1233 470 1263 occurreret
495 1236 647 1270 eumque
674 1223 817 1256 honoris
842 1232 946 1254 causa
972 1221 1212 1254 comitaretur.
1261 1221 1385 1254 Altero
1420 1221 1528 1265 igitur
1553 1222 1612 1254 die
1638 1234 1679 1255 ex
1704 1235 1775 1267 quo
1801 1224 1938 1257 Tsolam

270 1292 320 1324 illi
340 1289 558 1333 reliquerant
577 1285 687 1330 jussit
712 1283 848 1317 Pascha
872 1281 985 1314 filium
1009 1280 1204 1313 Hoseinum
1233 1281 1306 1325 Beg
1331 1286 1368 1313 et
1392 1292 1511 1314 omnes
1537 1282 1713 1327 principes
1735 1289 1770 1317 et
1796 1296 1938 1329 magna-

269 1359 321 1384 tes
340 1361 420 1383 cum
448 1348 559 1393 copiis
589 1345 799 1381 Sultanicis,
834 1354 926 1388 quae
958 1342 1092 1374 Sanaae
1120 1346 1239 1379 erant,
1266 1340 1407 1373 obviam
1435 1342 1486 1373 ire
1507 1342 1590 1374 Alio
1616 1343 1742 1387 Jahjae
1758 1356 1872 1390 usque
1893 1346 1937 1378 ad

268 1411 495 1456 Mindjalum‚
516 1414 552 1442 et
572 1406 719 1441 intravit
740 1417 781 1438 eo
801 1404 858 1437 die
884 1402 1007 1436 Tsolae
1028 1401 1207 1447 quondam
1225 1401 1390 1447 princeps
1410 1401 1566 1434 Paschae
1587 1402 1705 1435 sedem
1727 1416 1806 1437 cum
1825 1406 1937 1439 multo

266 1474 400 1507 honore
423 1477 459 1505 et
477 1480 602 1514 magna
620 1478 758 1513 pompa.
809 1465 868 1498 Ad
889 1462 1115 1499 Gomdanum
1134 1468 1175 1496 ut
1193 1462 1339 1495 advenit
1359 1462 1396 1494 in
1415 1462 1651 1507 praesentiam
1679 1463 1835 1497 Paschae
1848 1491 1855 1503 ,
1881 1477 1941 1499 ac-

268 1539 391 1578 eeptus
408 1537 460 1566 est
478 1531 523 1564 ab
542 1530 602 1563 illo
622 1527 849 1564 amicissime,
875 1525 964 1571 quin
992 1535 1100 1557 manu
1131 1524 1209 1569 ejus
1235 1523 1412 1569 prehensa
1441 1535 1558 1557 coram
1587 1523 1749 1558 omnibus
1769 1536 1850 1558 eum
1869 1537 1938 1559 am-

267 1594 388 1638 plexus
417 1597 471 1624 est
498 1592 668 1624 Hasanus.
720 1588 855 1621 Affecit
884 1585 1015 1619 deinde
1045 1597 1127 1618 eum
1151 1585 1264 1618 multo
1292 1584 1426 1618 honore
1454 1584 1672 1630 donavitque
1697 1597 1779 1618 eum
1802 1586 1941 1620 duabus

267 1652 426 1686 vestibus
446 1649 707 1695 pretiosissimis
728 1653 764 1680 et
780 1645 1166 1684 honorificentissimis,
1192 1657 1281 1691 quas
1303 1645 1470 1679 Sultanus
1489 1645 1668 1690 quondam
1688 1645 1845 1680 Paschae
1876 1647 1941 1680 do-

269 1726 314 1747 no
335 1712 501 1748 dederat,
532 1716 568 1743 et
595 1707 845 1754 benignissime
876 1718 911 1739 se
931 1705 1037 1750 gessit
1057 1717 1138 1750 erga
1158 1706 1235 1750 ejus
1261 1706 1398 1739 itineris
1424 1707 1580 1740 comites.
1630 1706 1722 1740 Hinc
1748 1708 1792 1740 ad
1819 1708 1939 1741 convi-

264 1775 362 1809 vium
388 1784 470 1806 eum
499 1770 646 1804 adduxit
680 1767 921 1813 splendidum,
956 1766 1053 1812 quod
1073 1767 1110 1800 in
1137 1767 1215 1811 ejus
1244 1766 1436 1800 adventum
1460 1773 1664 1812 paraverat,
1693 1773 1729 1801 et
1753 1768 1789 1801 in
1816 1768 1938 1802 Sinani

265 1837 368 1870 domo
397 1834 531 1868 Sanaae
561 1841 642 1863 eum
678 1829 840 1862 habitare
871 1827 980 1873 jussit
1022 1839 1103 1860 cum
1138 1828 1309 1861 comitatu
1345 1840 1419 1862 suo.
1480 1828 1655 1862 Postridie
1691 1840 1774 1862 vero
1807 1830 1938 1863 iterum

265 1896 478 1930 vestimenta
508 1891 623 1926 multa
652 1889 742 1925 varii
774 1889 899 1934 pretii,
934 1888 1024 1921 duos
1054 1900 1164 1933 equos
1200 1888 1372 1921 Arabicos
1405 1889 1744 1934 praestantissimos,
1781 1889 1935 1934 gladium

265 1958 430 1991 eximium
457 1961 494 1989 et
518 1958 695 1988 trecentos
727 1961 889 1983 nummos
921 1960 1046 1982 aureos
1076 1949 1120 1982 ad
1147 1960 1228 1982 eum
1256 1949 1371 1982 misit:
1408 1961 1475 1982 nec
1504 1949 1611 1982 desiit
1644 1948 1829 1982 benefieiis
1854 1961 1935 1982 eum

266 2018 444 2052 cumulare
466 2023 503 2049 et
520 2014 682 2062 quotidie
705 2022 786 2045 eum
807 2010 851 2043 ad
869 2021 905 2043 se
925 2010 1037 2043 amice
1059 2021 1256 2049 arcessere,
1282 2010 1397 2043 donec
1417 2009 1561 2043 sedatus
1586 2015 1679 2043 esset
1704 2010 1781 2055 ejus
1798 2010 1934 2043 animus

266 2086 301 2113 et
327 2079 401 2112 sine
428 2076 546 2110 taedio
572 2081 634 2108 aut
661 2071 876 2117 aegrimonia
909 2071 946 2103 in
970 2071 1129 2105 Paschae
1163 2071 1364 2116 praesentia
1399 2076 1606 2105 versaretur.
1659 2070 1858 2104 Ibrahimus
1884 2071 1934 2104 in-

268 2147 363 2173 terea
384 2139 406 2172 f.
426 2135 653 2172 Mothahheri
673 2133 787 2170 misit,
822 2137 902 2176 post
926 2132 1120 2164 discessum
1155 2132 1276 2165 Sinani
1310 2137 1347 2165 et
1371 2131 1445 2165 Alii
1470 2132 1596 2177 Jahjae
1622 2143 1642 2165 a
1669 2132 1792 2165 castris
1818 2131 1937 2165 Tsola-

262 2201 334 2238 nis,
359 2198 537 2244 quendam
563 2208 581 2229 e
607 2193 845 2241 principibus,
870 2204 960 2238 quos
988 2203 1108 2224 secum
1133 2191 1306 2230 habebat,
1342 2193 1387 2226 ad
1422 2192 1687 2226 Defterdarium
1712 2191 1933 2237 Mustapham

264 2266 301 2293 et
321 2259 518 2292 Ahmedem
535 2257 556 2290 f.
578 2252 831 2290 Mohammedis
862 2252 884 2286 s.
917 2250 1186 2286 Schamseddini
1207 2258 1242 2284 et
1269 2264 1332 2297 per
1351 2264 1432 2286 eum
1451 2253 1559 2286 hosce
1579 2253 1756 2298 principes
1774 2251 1930 2294 rogavit,

262 2326 302 2353 ut
321 2318 532 2352 mediatores
550 2321 667 2351 essent
687 2315 780 2349 inter
801 2327 837 2349 se
857 2319 894 2348 et
913 2313 1086 2348 Paseham
1105 2313 1143 2347 in
1162 2313 1342 2353 omnibus,
1368 2325 1460 2360 quae
1493 2314 1713 2359 pertinerent
1730 2311 1773 2345 ad
1797 2310 1932 2344 castelli

1847 2371 1930 2404 Tse«
