2055 2865
858 136 1166 173 e-IOI—

161 233 343 271 sententia
364 231 451 266 duas
472 229 612 276 scripsit
630 228 691 263 hie
711 229 892 276 epistolas,
921 230 964 264 ad
987 230 1275 267 Gautseddinuni
1294 231 1460 272 alteram,
1494 231 1641 267 alteram
1667 231 1710 266 ad
1734 232 1855 268 Alium

163 294 306 338 Jahjam
337 293 365 326 si
396 292 487 325 sorte
515 303 574 324 eos
604 291 649 324 ad
674 302 799 336 pacem
827 295 864 323 et
891 290 1102 336 obsequium
1130 293 1354 327 reducerent.
1416 292 1523 326 Illum
1552 292 1700 338 quidem
1727 294 1853 328 docuit

161 352 463 387 Seliainseddinus
482 350 616 385 exitum
634 351 854 396 probabilem
873 350 1076 383 rebellionis
1097 363 1180 385 suae
1208 352 1444 398 incitavitque
1465 353 1509 387 ad
1540 354 1752 400 obsequium
1773 355 1852 388 Sul-

163 414 256 451 tani‚
282 412 461 447 laudando
480 413 678 457 potentiam
706 411 866 445 Paschae
895 417 931 444 et
960 411 1209 445 fortitudinem
1240 414 1415 447 exereitus
1439 415 1515 460 jam
1544 416 1714 450 adversus
1735 416 1851 460 ipsum

162 475 297 520 parati:
325 475 422 509 hunc
441 473 581 507 monuit
595 479 636 506 ut
654 473 875 518 prospiceret
901 472 1007 506 saluti
1029 484 1112 507 suae
1127 479 1164 506 et
1182 485 1326 506 suorum
1347 481 1382 507 ct
1403 476 1533 509 tradito
1561 477 1706 510 castello
1727 477 1850 510 Tsolae

162 524 296 569 rediret
315 536 359 569 ad
379 535 516 569 Sultani
538 533 797 583 obedientiam,
824 540 1017 580 antequam
1037 534 1214 568 exereitus
1234 535 1437 568 Sultanicus
1458 537 1626 572 adversus
1645 539 1759 583 ipsum
1771 539 1851 570 init-

158 603 300 637 teretur
320 596 368 628 ads
386 593 772 640 Dhafirum-Hadjdjae
794 596 944 640 ejusque
960 595 1148 640 potiretur.
1199 594 1272 627 Nec
1292 594 1356 628 diu
1377 601 1456 640 post
1474 602 1626 641 uterque
1646 598 1848 642 respondit3

161 654 429 690 Gautseddinus
448 655 617 689 ferociter
635 655 817 689 accusavit
833 655 1024 695 pascham,
1044 655 1201 689 ludibrio
1222 655 1350 689 habuit
1370 655 1689 689 Sehamseddinum
1709 664 1852 701 propter

155 706 239 762 'ejus
257 715 501 751 obedientiam
527 717 675 751 Sultano
706 718 934 763 praestitam,
959 723 996 751 et
1023 716 1156 750 bellum
1181 716 1285 761 longe
1302 716 1384 762 paci
1404 717 1594 762 praetulit:
1622 717 1725 751 Alius
1746 718 1850 763 Jahja

162 789 246 812 vero
263 777 473 813 dubitanter
491 779 600 823 magis
629 779 787 824 scripsit,
815 779 864 812 ita
885 784 926 813 ut
957 779 994 812 in
1020 784 1143 823 aperto
1171 783 1281 816 esset,
1317 777 1471 811 fractum
1500 779 1578 824 ejus
1597 791 1673 812 esse
1695 779 1852 812 animum

166 845 203 874 et
230 845 395 885 paratum
423 851 506 873 eum
533 851 609 873 esse
638 839 683 873 ad
703 839 908 874 faciendum
939 840 1078 874 Sultani
1108 839 1295 878 mandata,
1331 839 1361 873 si
1386 838 1492 872 modo
1528 840 1751 875 conditiones
1775 853 1853 886 pro-

159 905 385 950 ponerentur
409 900 670 946 quodammodo
690 907 818 946 gratae.

212 961 368 1006 Propere
391 973 473 1006 ergo
498 973 703 1008 progressus
733 969 788 996 est
818 964 970 997 Sinanus
1001 974 1124 997 versus
1152 961 1318 995 Affarum
1358 968 1400 995 ut
1428 961 1715 997 Gautseddinum
1742 964 1854 1009 impu-

164 1027 306 1068 gnaret,
328 1027 364 1055 et
380 1033 422 1055 ea
442 1021 486 1055 de
507 1034 613 1056 causa
633 1023 741 1056 rediit
759 1023 1004 1062 Schibamum,
1032 1023 1302 1057 ubiexercituin
1313 1023 1525 1068 reliquerat,
1552 1036 1659 1069 quem
1679 1025 1855 1059 resectum

164 1083 386 1129 hilaremque
415 1083 563 1117 invenit.
614 1084 672 1117 Ibi
701 1085 858 1130 acceptis
895 1084 1035 1118 auxiliis
1066 1083 1400 1118 Caueabanensibus
1438 1085 1640 1129 peragravit
1675 1087 1855 1131 regionem

164 1144 313 1178 Modaae
337 1149 374 1177 et
385 1143 617 1183 Aschmouri,
643 1144 758 1180 donec
779 1152 928 1180 venerat
948 1146 992 1179 ad
1011 1145 1193 1190 regionem
1208 1144 1356 1179 Cahlani
1376 1145 1632 1190 Taadjeddini,
1659 1147 1722 1180 ubi
1742 1154 1856 1181 castra

162 1205 306 1239 locavit.
356 1204 599 1239 Accesserunt
629 1217 672 1240 eo
693 1206 738 1240 ad
767 1207 868 1240 illum
895 1213 1051 1254 quatuor
1076 1206 1142 1240 filii
1179 1207 1312 1240 Hasani
1344 1207 1367 1241 f.
1398 1207 1526 1240 Imami
1561 1207 1854 1247 Scharaseddini,

157 1259 253 1312 >quos
274 1265 435 1300 vestibus
455 1266 605 1312 aliisque
624 1267 727 1301 donis
748 1269 888 1302 ornavit
917 1275 953 1302 et
974 1274 1118 1302 secutus
1149 1273 1204 1301 est
1231 1279 1312 1301 cum
1342 1269 1502 1302 exercitu
1529 1280 1644 1313 usque
1673 1269 1716 1302 ad
1738 1270 1853 1315 ipsum

162 1328 364 1368 castellum,
385 1329 490 1374 juxta
510 1328 607 1373 quod
629 1329 782 1362 tentoria
803 1329 890 1362 fixit.
940 1330 1019 1363 Mox
1040 1329 1084 1362 ad
1109 1329 1290 1362 Hasanum
1317 1329 1516 1373 principem
1541 1328 1704 1368 Cahlani,
1731 1332 1794 1375 qui
1815 1344 1855 1364 ex

163 1389 315 1435 paralysi
337 1394 522 1434 aegrotans
544 1389 578 1422 ei
597 1388 741 1422 obviam
766 1389 816 1424 ire
836 1391 1068 1436 nequiverat,
1097 1401 1172 1423 sese
1194 1390 1304 1423 vertit
1325 1389 1447 1434 ibique
1469 1401 1550 1423 cum
1576 1391 1689 1424 multo
1720 1392 1854 1426 Ιιυιιοιι.1

164 1456 202 1483 et
223 1451 408 1494 splendido
429 1449 595 1483 convivio
616 1454 670 1482 est
688 1457 867 1496 acceptus.
920 1451 1058 1484 Deinde
1075 1450 1223 1484 donavit
1236 1450 1433 1489 Hasanum,
1457 1452 1535 1497 ejus
1556 1452 1650 1486 filios
1659 1458 1695 1485 et
1704 1460 1853 1497 nepotes

163 1519 357 1553 omnesque
376 1510 556 1556 principes
575 1516 612 1544 et
629 1516 810 1556 magnates
832 1516 867 1545 et
888 1523 972 1545 vero
994 1511 1242 1556 cujuscunque
1263 1511 1397 1545 ordinis
1417 1512 1579 1547 homines
1606 1513 1700 1546 illius
1720 1519 1854 1548 tractus

165 1569 267 1602 tanta
290 1569 442 1602 vestium
467 1570 744 1605 honorificarum
762 1578 799 1605 et
820 1573 898 1605 auri
915 1572 1124 1617 argentique
1143 1573 1270 1616 signati
1292 1573 1412 1617 copia,
1438 1580 1479 1607 ut
1500 1586 1620 1608 omnes
1643 1576 1709 1608 sibi
1728 1587 1791 1619 per
1812 1576 1851 1608 li-

163 1630 387 1664 beralitatem
416 1642 514 1663 suam
540 1631 731 1665 admodum
770 1632 980 1666 devinxerit.
1032 1633 1198 1677 Dumque
1227 1631 1277 1664 ibi
1314 1632 1533 1677 aliquamdiu
1570 1637 1852 1672 commorabatur

159 1687 327 1736 'adjunxit
343 1690 410 1724 sibi
428 1703 548 1725 omnes
566 1692 745 1737 principes
768 1693 965 1739 ducesque,
992 1705 1081 1739 quos
1108 1692 1246 1737 pridem
1277 1692 1447 1726 adversus
1476 1692 1762 1731 Gautseddinum
1788 1700 1850 1732 mi-

158 1747 258 1786 *serat
276 1752 456 1786 Hasanus:
484 1751 706 1793 Khidhrum,
734 1754 924 1788 Abdallam
945 1755 966 1789 f.
990 1755 1097 1788 Idrisi
1118 1753 1209 1793 Alii,
1236 1753 1475 1787 Ridhwanum
1494 1760 1532 1789 et
1549 1755 1663 1801 Agam
1682 1759 1849 1794 Selahum

166 1813 189 1846 s.
212 1813 352 1851 Salimi,
381 1819 417 1847 et
436 1813 554 1858 copias
579 1814 710 1859 quihus
730 1822 919 1861 praeerant
940 1816 990 1849 ibi
1011 1815 1196 1849 contraxit.
1248 1815 1340 1849 Dein
1367 1826 1427 1848 eos
1453 1816 1678 1857 cohortatus,
1705 1826 1745 1853 ut
1772 1822 1850 1866 plu-

164 1875 288 1907 rimam
306 1874 520 1911 adhiberent
537 1875 761 1920 diligentiam
789 1883 825 1910 et
847 1889 987 1910 omnem
1007 1877 1134 1910 darent
1151 1888 1294 1921 operam
1320 1876 1433 1916 bello,
1461 1889 1541 1911 cum
1568 1879 1610 1912 iis
1627 1882 1782 1925 perrexit
1803 1884 1846 1915 ad

164 1941 321 1969 montem
348 1936 532 1981 Djaraam,
568 1936 631 1980 qui
658 1937 873 1981 conjunctus
903 1944 957 1970 est
981 1950 1062 1971 cum
1088 1937 1232 1972 castello
1261 1937 1377 1971 Affari
1399 1943 1435 1972 et
1462 1940 1571 1973 totius
1599 1940 1694 1974 illius
1716 1948 1848 1977 tractus

165 2001 220 2028 est
239 2008 414 2030 summum
437 2006 617 2028 cacumen.
667 1995 773 2029 Hunc
803 1997 1034 2042 asperrimum
1061 2003 1097 2031 et
1125 2009 1232 2043 quam
1258 1998 1408 2032 maxime
1437 2007 1667 2046 praeruptum
1693 2009 1849 2036 montem

168 2061 431 2099 expugnaturus
455 2055 594 2099 agmina
624 2055 712 2090 fecit
737 2069 845 2102 quam
880 2058 1031 2102 plurima
1061 2070 1173 2104 eaque
1201 2059 1306 2103 longo
1341 2060 1527 2095 intervallo
1561 2063 1629 2094 alia
1656 2062 1732 2095 aliis
1759 2064 1846 2098 loeis

168 2114 372 2152 constituit,
400 2115 494 2148 unde
522 2114 621 2159 signo
642 2115 726 2149 dato
755 2116 1039 2162 adscenderent5
1076 2120 1144 2152 sibi
1174 2120 1316 2165 suisque
1344 2121 1517 2155 militibus
1542 2135 1623 2156 eum
1647 2123 1847 2167 designavit

169 2174 306 2211 locum,
343 2173 405 2206 ubi
432 2174 550 2208 aditus
572 2181 649 2230 erat
678 2176 781 2222 longe
809 2177 1049 2212 difficillimus.
1102 2179 1158 2212 lta
1186 2192 1265 2213 cum
1291 2193 1437 2214 numero
1465 2182 1618 2215 rnilitum
1641 2183 1743 2228 longe
1768 2186 1848 2230 plu.

169 2234 297 2267 timum
319 2235 469 2274 valeret,
498 2236 651 2282 speravit
672 2237 746 2272 fore
759 2264 766 2277 ,
793 2245 834 2273 ut
852 2252 923 2274 non
943 2240 1102 2285 undique
1123 2241 1226 2274 simul
1243 2252 1261 2274 a
1282 2242 1519 2276 Gautseddini
1538 2243 1710 2279 militibus
1729 2254 1848 2291 posset

1801 2320 1853 2341 1⁴8·
