2055 2865
924 142 1211 187 &382⁹-

236 244 385 283 Hoseini
405 242 511 281 socii,
536 234 800 288 'expeditionem
828 242 1057 284 susceperant
1082 236 1252 272 adversus
1279 234 1460 284 regio'nem
1489 237 1597 276 Abori
1622 238 1753 277 Arisch
1769 242 1783 267 ²
1811 241 1907 290 ejus:

240 319 309 354 «pic
331 310 431 340 erant
449 304 573 350 potiti,
601 303 792 338 vinxerunt
810 301 889 347 ejus
908 300 1106 346 principem
1122 305 1159 333 et
1176 300 1349 334 miserunt
1367 312 1449 336 eum
1477 304 1625 339 Saadam
1643 305 1686 339 ad
1707 299 1906 340 Ahmedem

237 367 470 413 al-Moajjedi.
519 364 589 399 IIic
610 376 694 398 vcro
714 374 796 398 cum
813 362 947 397 honore
967 373 1048 396 eum
1065 361 1222 407 excepit,
1249 362 1435 396 beneficiis
1454 366 1705 403 cumulavitet
1722 372 1803 413 post
1820 378 1907 411 pau-

235 442 296 464 cos
323 429 399 463 dics
429 427 497 466 illi,
529 426 605 472 jam
629 426 766 461 resecto
792 436 833 459 ac
858 428 1036 463 recreato,
1072 424 1213 458 veniam
1248 423 1351 458 dedit
1385 424 1635 469 proficiscendi
1670 429 1823 461 Sanaam
1861 428 1905 460 ad

235 489 427 529 Pascham‚
450 488 517 535 ‘qui
537 488 630 523 hanc
649 488 728 535 cjus
745 485 873 533 agendi
890 485 1065 519 rationem
1081 495 1293 532 magnopere
1313 485 1474 520 laudavit
1501 492 1539 520 ct
1567 487 1734 521 maximas
1754 488 1805 520 illi
1822 499 1904 532 »gra-

230 553 298 586 tias
317 552 401 597 egit.

282 609 598 649 Abdarrahmanus
623 611 767 646 interim
802 608 948 655 adjutus
970 618 992 641 a
1020 606 1131 652 copiis
1156 607 1368 648 Sultanicis,
1402 619 1508 656 quas,
1534 609 1588 643 uti
1617 609 1903 646 memoravimus,

234 675 281 708 ad
302 686 384 709 eum
400 674 546 708 miserat
561 675 742 711 Hasanus,
769 682 909 706 omnem
925 668 1093 703 adhibuit
1117 668 1341 714 diligentiam
1364 670 1411 704 ad
1439 671 1642 705 nocendum
1670 670 1754 704 Alio
1778 669 1905 714 Jahjm»

235 743 288 773 et,
316 736 525 782 expugnatis
551 733 792 779 compluribus
819 731 908 765 locis
930 729 1097 768 munitis,
1131 735 1270 774 partem
1295 730 1393 765 haud
1420 732 1718 766 contemnendam
1745 732 1824 777 ejus
1849 731 1904 764 di-

231 798 339 832 tionis
375 797 535 832 Paschae
564 794 786 839 subjecerat,
821 793 926 837 cujus
958 790 1102 824 nominc
1126 794 1165 824 et
1199 791 1366 836 auspiciis
1400 794 1517 826 omnia
1554 794 1769 838 gerebantur
1796 798 1835 826 et
1857 792 1903 823 ml

232 870 342 904 quem
367 858 480 891 omnis
506 856 634 889 harum
669 853 901 889 victoriarum
938 850 1077 886 fructus
1112 851 1327 897 pertinebat.
1383 852 1502 896 Hujus
1530 858 1649 886 tamen
1683 853 1901 886 conditionis

231 919 373 953 taeduit
399 917 751 954 Abdarrahmanum,
777 915 841 960 qui
869 925 991 960 regere
1018 913 1202 952 malebat„
1221 923 1329 958 quarn
1354 911 1518 946 obedire:
1553 918 1789 959 quapropter,
1814 912 1905 946 Cau-

233 981 411 1015 eabanum
437 979 639 1025 profectus,
674 977 719 1010 ad
744 975 979 1010 Izzeddinum
1004 987 1040 1009 se
1069 974 1274 1014 convertit,
1309 980 1435 1020 petens
1452 1000 1460 1014 ‚
1493 980 1533 1008 ut
1562 974 1622 1008 hic
1646 985 1711 1020 pro
1743 985 1780 1008 se
1809 975 1903 1019 apud

227 1041 405 1077 Pascham
420 1040 662 1074 intercederet
680 1043 718 1072 et
735 1037 787 1071 ita
805 1036 872 1070 sibi
890 1036 1037 1070 daretur
1053 1034 1295 1081 sandjakbegi
1314 1035 1490 1069 Sultanici
1509 1047 1638 1070 munus
1666 1041 1704 1070 et
1727 1035 1900 1081 dignitas:

224 1105 265 1138 id
281 1131 288 1141 ,
323 1102 421 1149 quod
449 1102 484 1136 ei
511 1106 616 1135 antea
637 1099 818 1145 pollicitus
844 1103 921 1131 erat
948 1097 1134 1136 Hasanus,
1168 1097 1197 1130 si
1223 1101 1367 1131 strenue
1394 1097 1528 1131 bellum
1564 1102 1704 1142 gereret
1732 1097 1902 1131 adversus

226 1166 352 1199 Alium
380 1163 523 1209 Jahjam
550 1168 587 1196 et
618 1166 822 1195 constanter
847 1158 1066 1193 adhaesisset
1094 1158 1314 1204 aliquamdiu
1341 1159 1490 1204 imperio
1511 1158 1706 1192 Sultanico.
1756 1157 1823 1191 Cui
1842 1156 1903 1191 de-

228 1226 361 1260 siderio
379 1236 460 1258 cum
478 1224 702 1259 satisfecerat
722 1221 954 1259 Izzcddinus,
981 1220 1101 1253 statim
1121 1220 1166 1253 ab
1191 1221 1334 1254 Hasano
1360 1220 1405 1253 ad
1433 1218 1768 1253 Abdarrahmanum
1792 1218 1902 1263 legati

225 1294 310 1322 sunt
335 1287 413 1332 Aga
440 1285 628 1330 Mustapha
656 1289 693 1318 et
712 1282 815 1317 Alius
842 1282 864 1316 f.
884 1281 1074 1316 Mattaschi
1091 1281 1315 1315 Khaulanius
1332 1292 1414 1315 curn
1430 1281 1558 1315 vexillo
1586 1280 1723 1314 excelso
1744 1285 1781 1313 et
1802 1284 1905 1313 veste

225 1348 427 1382 honorifica
451 1347 571 1391 magni
597 1347 723 1391 pretii:
758 1349 1014 1390 praetereaque
1041 1342 1212 1387 stipendii
1238 1342 1318 1375 loco
1347 1342 1523 1376 concessit
1551 1342 1584 1377 ei
1618 1340 1756 1376 Pascha
1780 1352 1903 1374 omnes

223 1417 356 1448 terras,
382 1419 471 1455 quas
491 1407 592 1440 fratri
612 1406 695 1440 Alio
710 1405 836 1450 Jahjae
857 1405 1035 1437 dcmserat
1054 1409 1117 1436 aut
1135 1403 1220 1436 dein
1237 1408 1424 1447 erepturus
1444 1409 1530 1437 erat.
1581 1402 1640 1436 Ita
1664 1402 1767 1437 valde
1788 1402 1903 1435 laeta-

224 1477 285 1505 tus
305 1476 340 1504 et
360 1475 480 1515 gratus
505 1467 550 1501 ob
578 1467 732 1512 insignia
760 1465 893 1499 favoris
926 1463 1139 1509 specimina,
1165 1475 1258 1509 quae
1287 1469 1493 1508 acceperat,
1518 1463 1627 1496 rediit
1656 1463 1694 1495 in
1720 1462 1903 1507 regionem

226 1544 326 1566 suam
355 1535 507 1565 exeunte
526 1540 646 1562 mense
666 1526 897 1561 Dzoulkaada
916 1525 1024 1569 hujus
1046 1525 1130 1558 anni
1152 1523 1293 1567 (medio
1310 1536 1431 1558 mense
1450 1523 1658 1558 Decembris
1680 1522 1772 1558 1582
1782 1524 1806 1568 ).

275 1593 375 1626 Haec
392 1597 512 1624 autem
536 1588 763 1622 liberalitatis
789 1592 826 1619 et
849 1585 1082 1629 benignitatis
1110 1585 1322 1629 specimina,
1348 1597 1440 1630 quae
1470 1584 1612 1629 accepit
1639 1583 1906 1618 Abdarrahnna-

228 1664 314 1691 nus,
340 1651 460 1697 paullo
487 1655 570 1683 ante
597 1648 756 1682 Paschae
787 1652 823 1680 et
843 1645 982 1680 Sultani
1008 1644 1267 1678 infensissimus
1290 1644 1530 1683 adversarius,
1556 1649 1746 1677 moverunt
1769 1643 1906 1678 Abdal-

226 1717 299 1749 lam
315 1713 337 1747 s.
358 1712 483 1746 Imami
500 1709 748 1747 Mothahheri,
775 1707 968 1741 Izzeddino
989 1705 1241 1739 amicissimum
1268 1705 1482 1751 patruelem,
1508 1711 1550 1739 ut
1569 1705 1665 1738 idem
1689 1704 1735 1738 ab
1759 1705 1903 1740 Hasano

229 1779 387 1823 peteret,
413 1773 512 1819 quod
530 1770 844 1805 Abdarrahmanus
871 1772 1067 1812 acceperat.
1118 1766 1188 1800 Per
1216 1767 1412 1812 complures
1437 1767 1514 1811 jam
1542 1778 1652 1800 annos
1681 1766 1742 1800 hic
1771 1767 1903 1801 adhae-

233 1843 326 1872 serat
355 1834 566 1871 Izzcddino,
601 1832 665 1879 qui
693 1831 799 1869 adeo,
825 1836 867 1863 ut
897 1840 1034 1874 semper
1062 1828 1114 1860 illi
1141 1828 1312 1873 imprimis
1342 1828 1496 1867 faverat,
1523 1828 1568 1861 ad
1591 1828 1660 1861 iter
1686 1839 1809 1862 versus
1834 1829 1903 1862 Pa-

233 1900 355 1936 scham
375 1896 580 1931 faciendum
600 1906 682 1928 eum
701 1891 907 1926 stimulavit.
958 1889 1145 1924 Profectus
1160 1895 1213 1922 est
1232 1888 1342 1934 igitur
1362 1889 1515 1923 Abdalla
1534 1901 1653 1922 mense
1680 1889 1901 1923 Moharramo

232 1961 317 1995 anni
341 1958 408 1993 991
441 1955 676 1999 (Februario,
706 1953 816 1997 1583)
850 1951 1061 1985 Caucabano
1090 1951 1257 1984 Sanaam:
1293 1957 1482 1997 postquam
1505 1950 1624 1996 paullo
1652 1954 1734 1982 ante
1763 1949 1808 1983 ad
1836 1950 1901 1984 Pa-

230 2021 353 2058 scham
371 2018 584 2053 Izzcddinus
604 2007 753 2049 dederat
767 2015 920 2051 litteras,
946 2012 1078 2058 quibus
1094 2011 1191 2045 hunc
1217 2012 1433 2057 principem,
1458 2011 1659 2057 patruelem
1686 2022 1806 2049 suum,
1833 2010 1902 2045 sibi

231 2083 444 2118 fidissimum
468 2079 605 2113 socium
627 2076 788 2122 inprimis
813 2074 1077 2108 commendaret
1103 2072 1237 2107 Hasani
1264 2072 1548 2107 benevolentiae.
1599 2071 1902 2106 Commemorabat

233 2145 290 2179 his
309 2145 347 2178 in
363 2141 494 2176 litteris
515 2139 688 2174 Abdauae
703 2137 811 2175 fidem
829 2142 866 2172 et
890 2135 1144 2174 constantiam,
1170 2146 1241 2181 qua
1265 2146 1403 2180 semper
1429 2134 1498 2168 sibi
1523 2133 1745 2169 adhaeserat.
1794 2133 1900 2168 Hune

1788 2204 1900 2227 unum

282 2324 292 2340 ³
314 2324 411 2365 &ja-'³5:-
426 2319 474 2361 :qi
479 2347 486 2354 ⁶
