2055 2865
894 185 1059 219 *28
1105 203 1189 213 -Q,

256 272 401 318 Absque
420 273 530 305 multo
549 270 667 305 labore
693 282 935 317 pervenerunt
955 278 1077 313 Sinani
1098 281 1219 327 copiae
1238 294 1347 330 prope
1372 290 1539 333 oppidum
1558 292 1647 330 Beni
1671 297 1817 334 Kothail
1836 300 1888 335 ad‘

207 341 362 368 1110111010
381 333 617 371 inaccessum,
644 346 750 378 quem
774 336 920 370 tenebat
941 350 1065 383 agmen
1096 354 1136 375 ex
1157 344 1281 379 incolis
1308 348 1385 392 ejus
1416 353 1567 395 regionis
1590 363 1626 389 et
1647 360 1779 404 optima
1798 374 1900 406 pars»

207 395 380 428 exereitus
410 393 664 431 Gautseddini‚
692 408 799 440 quain
823 396 880 430 ille
912 398 962 431 ihi
992 401 1231 447 disposuerat,
1260 413 1300 440 nt
1321 409 1372 441 ita
1402 410 1519 445 fratris
1549 426 1622 449 rem
1642 429 1875 462 promoveret.

207 458 356 488 Strenue
378 467 436 487 eos
465 461 713 499 oppugnarunt
736 457 874 490 Sultani
894 459 1042 501 milites,
1065 466 1356 512 quandoquidem
1378 472 1452 505 sine
1481 481 1633 509 extrema
1653 482 1808 522 pernicie
1828 484 1879 517 ibi

204 515 352 548 transire
373 527 445 547 non
465 514 607 553 liceret,
634 516 702 548 nisi
723 524 828 551 antea
849 519 884 552 id
903 523 1122 564 praesidium
1142 527 1219 561 loco
1241 542 1304 563 suo
1335 532 1567 576 dejecissent:
1596 539 1657 571 sed
1680 539 1809 574 frustra
1835 555 1877 576 eo

204 576 262 608 dio
284 576 427 609 virtutis
449 576 596 609 eximiae
617 577 794 612 dederunt
810 581 913 613 multi
935 584 1128 628 specimina
1146 590 1267 622 multa.
1318 593 1488 638 Asperior
1507 603 1582 630 erat
1602 600 1740 639 aditus,
1768 615 1876 647 quam

203 643 245 670 ut
271 637 435 682 progredi
464 637 588 670 liceret
617 644 653 671 et
682 639 785 673 altior
814 641 930 681 loeus,
967 657 1075 689 quam
1104 649 1166 692 qui
1187 651 1379 687 missilibus
1411 661 1624 700 tangeretur.
1685 661 1879 697 Cinxerunt

205 710 287 743 ergo
302 703 476 735 montem,
504 699 567 744 qui
589 700 721 733 modici
742 707 818 733 erat
841 703 1029 744 circuitus,
1058 706 1179 742 invitis
1200 718 1236 744 et
1253 715 1496 761 nequidquam
1518 725 1662 754 strenue
1684 734 1880 768 repugnan-

206 759 302 791 tibus
324 758 503 791 hostibus:
531 772 603 804 quo
624 760 718 793 sacto
739 761 835 794 haud
867 765 1016 808 amplius
1047 774 1130 800 sunt
1159 773 1340 807 retardati.
1391 776 1478 811 Cum
1508 780 1601 813 enim
1629 782 1665 815 id
1690 785 1876 820 minimum

205 825 495 859 exspectaverant
516 820 726 858 adversarii,
753 833 870 867 neque
892 824 1045 865 vietum,
1072 841 1190 875 neque
1217 839 1342 875 potum
1371 836 1455 869 illuc
1478 843 1748 884 transtulerant,
1774 847 1875 893 quip-

205 860 370 924 1101111111
399 885 496 922 tergo
519 879 585 911 sihi
617 892 755 925 semper
784 884 901 916 omnia
931 886 1050 920 afferri
1081 902 1182 934 posse
1211 898 1493 930 autunmveraut.
1543 901 1621 933 Mox
1648 915 1728 947 ergo
1758 907 1889 940 animo?

204 939 394 976 submisso,
421 939 554 984 quippe
573 941 769 985 desperatis
788 944 912 984 robus,
943 949 1167 984 tradiderunt
1187 953 1306 986 locum
1335 967 1376 988 ea
1407 958 1630 1001 conditione,
1657 969 1715 1002 ut,
1743 966 1878 1002 relictis

203 999 369 1044 sclopetis
391 1005 427 1032 et
446 1001 593 1046 reliquis
613 1003 717 1035 armis
739 1003 805 1036 sibi
827 1017 950 1040 secure
973 1011 1093 1053 egredi
1114 1012 1238 1046 liceret
1259 1021 1295 1047 et
1317 1016 1361 1048 ad
1383 1029 1463 1050 suos
1484 1031 1519 1053 se
1539 1022 1706 1067 recipere.

250 1061 385 1094 Eodem
403 1060 461 1093 die
490 1073 608 1106 pugna
637 1063 769 1096 accidit
799 1077 840 1098 ex
868 1067 1051 1112 inopinato
1079 1071 1173 1105 inter
1201 1074 1348 1109 alterius

200 1121 426 1166 Mustapham
455 1128 492 1154 et
521 1122 643 1156 Alium
669 1124 811 1169 Jahjam
840 1127 877 1160 in
903 1130 1046 1174 regione
1076 1131 1165 1165 Beni
1194 1134 1342 1170 Basehir
1360 1143 1372 1158 ³
1399 1151 1509 1185 prope
1540 1142 1688 1178 Tsolam.
1739 1148 1872 1184 Ansam

200 1183 286 1216 111110
308 1182 441 1227 proelio
460 1183 560 1225 dedit
580 1183 648 1217 iter
669 1186 950 1231 Sehadjaeddini
971 1192 1145 1237 Mardjani
1165 1195 1386 1238 Karamanii,
1422 1200 1523 1235 ducis
1553 1205 1764 1242 auxiliorum
1785 1210 1872 1244 Cau-

198 1244 466 1277 cabanensium.
518 1245 669 1279 Veniam
698 1246 757 1280 1110
787 1250 966 1293 petiverat
987 1265 1007 1286 a
1028 1254 1273 1297 Desterdario,
1300 1260 1391 1294 duee
1423 1274 1502 1302 suo,
1538 1269 1733 1310 quaerendi
1759 1271 1871 1314 pabu-

201 1305 276 1337 lum
298 1311 333 1337 et
352 1305 446 1349 ligna
467 1318 507 1338 ex
528 1306 660 1339 Mitbaa
680 1307 694 1329 b
725 1308 762 1340 in
784 1322 867 1355 agro
889 1312 977 1347 Beni
998 1315 1162 1356 Basehir‚

1376 1077 1510 1113 Hasani
1541 1084 1717 1119 exereitus
1746 1087 1875 1123 ducem

1195 1331 1302 1364 (piam
1324 1322 1357 1354 ei
1375 1322 1523 1358 dederat
1541 1326 1749 1374 Mustapha,
1775 1339 1873 1377 post-

200 1377 307 1410 quam
327 1365 449 1397 sedulo
472 1377 553 1397 eum
579 1376 784 1409 monuerat,
811 1378 853 1405 ut
873 1382 1016 1408 caveret
1044 1377 1201 1417 hostem,
1228 1383 1519 1429 quandoquidem
1544 1388 1693 1423 ulterius
1712 1402 1872 1436 progres-

201 1438 258 1458 sus
279 1425 407 1457 (11111110
429 1436 492 1457 suo
507 1433 599 1459 esset
619 1428 824 1464 destitutus.
877 1433 996 1477 Quum
1010 1449 1093 1470 vero
1123 1440 1168 1471 ad
1196 1441 1365 1475 Mitbaam
1395 1453 1542 1480 venerat
1562 1449 1779 1494 Mardjanus,
1807 1466 1871 1499 op-

199 1491 376 1531 pugnatus
407 1492 460 1518 est
488 1486 532 1519 al)
560 1487 683 1522 ineolis
715 1496 827 1525 terrae
860 1494 948 1527 Beni
976 1496 1123 1530 Kothail
1153 1505 1189 1531 et
1217 1504 1394 1536 nonnullis
1432 1505 1506 1538 Alii
1535 1507 1662 1552 Jahjae
1686 1511 1870 1552 militibus,

197 1547 368 1579 Exortum
398 1546 448 1579 ita
480 1554 531 1581 est
557 1550 731 1593 proelium
757 1552 1019 1598 iniquissimum
1049 1557 1399 1602 Caueabanensibus,
1424 1572 1571 1611 propter
1599 1581 1721 1603 eorum
1748 1583 1873 1607 nume-

197 1619 277 1640 :rum
306 1607 445 1638 ratione
486 1609 769 1644 adversariorum
798 1614 922 1647 habita
953 1618 1055 1650 valde
1085 1619 1259 1663 exiguum.
1310 1623 1397 1656 Cum
1436 1637 1519 1658 vero
1550 1629 1704 1662 sonitum
1734 1633 1873 1678 selope-

197 1673 316 1700 torum
337 1666 477 1699 audivit
498 1668 703 1713 Mustapha,
740 1675 860 1707 statim
890 1678 1101 1711 convocavit
1133 1685 1168 1712 et
1196 1682 1374 1717 ordinavit
1402 1686 1532 1720 milites
1561 1694 1597 1721 et
1627 1702 1732 1726 cursu
1759 1694 1869 1729 citato

198 1740 280 1761 eum
299 1727 425 1761 vexillo
446 1740 571 1773 niagno
593 1730 658 1762 sub
679 1738 786 1765 cantu
808 1734 1007 1770 fistularum
1024 1750 1064 1771 ae
1086 1745 1332 1785 tympanorum
1352 1746 1571 1789 pulsatione,
1598 1752 1744 1798 reliquis
1761 1756 1869 1790 etiam

199 1788 337 1823 vexillis
358 1788 541 1832 explicatis
563 1788 717 1824 {recurrit
740 1800 775 1826 et
796 1807 898 1839 opem
920 1799 1002 1831 tulit
1022 1800 1206 1845 Mardjano
1223 1802 1445 1840 Karamanio.
1497 1809 1584 1843 Cum
1605 1817 1722 1846 tamen
1743 1816 1868 1850 eodem

198 1857 357 1894 tempore
380 1848 483 1882 Alius
506 1849 612 1895 Jahja
643 1864 723 1886 eum
754 1857 848 1889 omni
879 1861 1038 1894 exercitu
1066 1874 1142 1895 sese
1163 1863 1453 1901 Kothailensibus
1475 1870 1710 1915 adjunxisset,
1736 1887 1870 1922 pugna-

196 1917 274 1943 tum
295 1915 365 1947 est,
393 1910 582 1954 plurimum
606 1925 623 1945 e
644 1914 854 1962 longinquo,
882 1920 1068 1963 glandibus
1098 1923 1273 1967 plumbeis
1292 1934 1337 1961 'et
1366 1930 1503 1969 aeneis,
1530 1943 1643 1977 usque
1674 1934 1718 1967 ad
1748 1948 1871 1982 vespe·

196 1983 289 2005 ram:
316 1977 443 2004 neutra
464 1973 557 2005 enim
578 1975 670 2007 aeies
693 1977 736 2009 ad
758 1978 904 2012 alteram
926 1983 1084 2016 cominus
1116 1987 1318 2020 accedebat.
1369 1989 1420 2023 At
1449 2002 1529 2024 eum
1559 1993 1870 2039 advesperasceret

197 2045 374 2066 concursu
397 2033 493 2066 sacto
515 2034 658 2079 fugatae
680 2043 762 2070 sunt
782 2038 856 2072 Alii
878 2041 1003 2086 Jahjae
1025 2045 1166 2089 copiae,
1193 2049 1312 2091 paullo
1330 2050 1448 2094 plures

1477 2065 1584 2097 quain
1608 2055 1753 2100 triginta
1773 2062 1871 2094 occi-

196 2107 251 2127 sos
273 2094 514 2139 relinquentes
526 2121 533 2133 ,
562 2102 598 2129 at
619 2098 886 2134 vulneratorum
903 2114 1068 2148 magnum
1084 2118 1281 2140 numerum.

1334 2110 1515 2146 Tenebrae
1544 2121 1664 2148 autem
1695 2118 1870 2164 impedie-

196 2155 299 2193 bant,
326 2167 397 2200 quo
417 2156 533 2190 minus
555 2157 731 2203 fugientes
749 2170 916 2207 caperent
937 2172 1000 2207 aut
1018 2167 1265 2205 interimerent
1283 2171 1413 2207 milites
1444 2175 1637 2216 Sultaniei,
1664 2178 1714 2213 ita
1730 2186 1771 2214 ut
1792 2181 1866 2214 cito

1808 2252 1867 2282 ref
