2055 2865
791 224 1099 258 -113—

163 322 307 355 Interea
326 319 399 354 Alii
421 319 546 364 Jahjae
570 320 636 354 iter
658 309 778 353 versus
806 319 976 352 Sinanum
1004 319 1048 352 ad
1076 324 1190 353 castra
1225 319 1351 357 Affari,
1387 319 1430 352 de
1454 332 1525 365 quo
1555 319 1672 364 paullo
1703 325 1783 352 ante

113 381 354 427 exposuimus,
382 381 602 414 occasionem
629 381 776 413 dederat
806 379 1015 411 commercio
1045 391 1108 423 per
1134 379 1297 423 epistolas
1326 380 1420 412 inter
1449 379 1544 413 hunc
1564 380 1783 425 praesectum

112 448 148 475 et
167 442 347 475 llasanuin
367 441 540 476 Pascham
568 441 612 474 de
642 440 746 473 rebus
777 438 944 471 Tsolanis.
995 437 1041 470 Et
1071 439 1305 471 constitutum
1334 439 1402 472 suit
1423 452 1464 473 ex
1484 441 1640 474 Paschae
1661 442 1783 475 volun-

111 507 204 539 tate,
230 513 347 546 neque
366 502 545 535 abnuente
564 501 646 534 Alio
664 499 786 543 Jahja,
813 503 854 530 ut
874 497 933 530 hic
954 509 1035 530 cum
1057 498 1186 531 Sinano
1206 499 1250 531 ad
1279 499 1488 543 Mustaphae
1509 506 1621 534 castra
1641 513 1676 533 se
1698 513 1782 534 con-

110 568 265 595 verteret
287 568 323 594 et
340 563 414 607 ipse
433 563 695 607 colloqueretur
724 572 804 593 cum
833 559 893 597 iis,
920 559 983 604 qui
1013 559 1050 592 in
1080 559 1203 592 Tsolae
1231 559 1375 593 castello
1395 561 1649 595 obsidebantur
1667 568 1702 595 et
1724 563 1782 595 ad-

110 622 180 654 huc
200 621 277 664 ejus
295 623 462 655 mandato
482 622 670 655 noluerant
691 621 846 654 obedire.
898 621 974 653 Non
1005 620 1098 652 enim
1126 618 1316 652 dubitabat
1345 621 1447 654 Alius
1467 621 1591 665 Jahja‚
1617 622 1723 666 quin,
1750 623 1779 655 si

106 684 182 727 ipse
210 682 355 716 adiisset
386 683 607 716 Ibrahimum
635 682 655 714 f.
676 681 903 715 Mothahheri
934 687 970 714 et
997 681 1075 725 ejus
1107 680 1241 713 castelli
1271 681 1506 726 praesidium,
1538 687 1645 727 atque
1674 682 1724 714 ita
1744 681 1780 714 hi

108 748 204 775 certo
226 743 472 787 cognovissent
492 743 607 787 ipsum
618 743 655 775 in
673 742 844 788 obsequio
857 748 892 775 et
913 741 1078 775 clientela
1099 752 1174 772 esse
1192 740 1332 785 imperii
1352 741 1566 780 Otsmanici,
1594 742 1668 775 sine
1689 743 1782 775 ulte-

108 804 199 837 riore
216 815 313 836 mora
333 815 369 835 se
388 815 531 848 quoque
544 803 749 835 submissuri
770 808 887 836 essent
901 801 1046 846 imperio
1068 800 1251 834 Sultanico
1273 807 1308 834 et
1330 802 1514 834 castellum
1535 801 1692 835 Paschae
1713 808 1781 835 tra-

106 865 228 897 dituri.
280 864 345 896 Die
367 874 448 906 ergo
470 862 577 894 tertio
599 862 737 894 decimo
757 863 951 907 Djmnadae
972 861 1176 906 posterioris
1198 861 1250 903 (a.
1273 862 1305 894 d.
1328 862 1349 895 2
1369 862 1468 895 Junii
1489 860 1602 905 1585)
1628 861 1779 906 profecti

107 930 189 958 sunt
209 924 311 957 Alius
323 922 444 967 Jahja,
469 934 577 967 quem
596 933 760 966 proceres
780 922 916 955 Dhafiri
934 921 1111 965 lladjdjac
1132 922 1328 964 complures
1349 922 1492 955 honoris
1510 934 1615 955 causa
1634 922 1778 955 comita-

106 986 253 1023 bantur,
280 990 316 1018 et
335 983 486 1016 Sinanus
508 993 549 1014 ex
568 982 690 1014 castris
709 982 753 1014 ad
774 981 935 1014 Affarum
956 980 1081 1024 positis
1108 987 1144 1013 et
1164 986 1420 1025 pernoctarunt
1441 982 1477 1014 in
1504 982 1590 1014 urbe
1611 982 1775 1019 Modaae‚

106 1045 201 1078 unde
230 1044 400 1090 postridie
419 1048 650 1088 perrexerunt
681 1043 725 1075 ad
744 1047 858 1074 castra
877 1041 1035 1073 Tsolana.
1087 1040 1153 1072 Dic
1184 1045 1304 1073 autem
1330 1046 1410 1084 post
1437 1052 1560 1074 eorum
1586 1041 1780 1074 adventum

106 1105 216 1138 altero
236 1105 392 1150 legatum
406 1103 502 1136 misit
523 1102 625 1135 Alius
642 1102 748 1146 Jahja
766 1102 810 1134 ad
830 1101 1051 1134 Ibrahimum
1072 1107 1109 1134 et
1131 1102 1286 1147 reliquos
1306 1100 1480 1138 obseSSOS‚
1507 1101 1570 1146 qui
1590 1101 1632 1134 iis
1651 1102 1781 1135 adven-

106 1169 182 1196 tum
210 1176 312 1197 suum
340 1161 568 1196 annuntiaret
596 1167 633 1194 et
663 1161 883 1194 deditionem
910 1162 1047 1195 castelli
1075 1161 1281 1206 postularet.
1332 1161 1544 1195 Frustranea
1574 1166 1693 1194 tamen
1712 1161 1783 1195 fuit

106 1224 172 1256 ista
189 1223 335 1267 legatio,
357 1222 411 1255 uti
432 1221 540 1255 etiam
561 1222 793 1267 colloquium,
815 1223 911 1268 quod
923 1223 1041 1267 paullo
1052 1228 1132 1267 post
1144 1223 1218 1267 ipse
1241 1233 1323 1255 cum
1343 1221 1523 1255 Ibrahimo
1536 1222 1680 1260 habuit,
1703 1235 1782 1256 suc-

103 1293 203 1315 cessu
224 1283 319 1315 omni
339 1283 471 1321 caruit,
491 1289 528 1317 et
543 1295 609 1317 nec
619 1283 861 1322 ratiocinium,
881 1295 998 1329 neque
1015 1282 1239 1327 exprobratio
1260 1282 1434 1319 criminis,
1456 1293 1522 1315 nec
1543 1282 1692 1327 perjurii
1712 1284 1780 1317 cri-

105 1340 252 1374 minatio
266 1341 466 1387 *quidquam
483 1342 684 1376 effecerunt
703 1342 748 1375 ad
768 1343 863 1376 illius
888 1344 1063 1388 praefecti
1083 1343 1239 1376 animum
1265 1342 1492 1376 flectendum.
1535 1343 1652 1387 Hujus
1672 1343 1781 1387 perti·
1795 1356 1806 1375 ι.

103 1400 226 1433 naciae
247 1406 284 1434 et
302 1414 386 1435 vero
415 1403 626 1436 temeritatis
654 1413 760 1434 causa
781 1407 857 1435 erat
876 1404 913 1436 in
934 1403 1106 1436 Ibrahimi
1126 1404 1273 1437 consilio
1294 1416 1334 1436 ac
1353 1416 1412 1448 spe
1432 1406 1657 1450 comparandi
1677 1405 1780 1451 plura

103 1461 277 1505 quaedam
297 1461 390 1494 bona
409 1468 447 1494 et
467 1461 650 1495 commoda
667 1473 730 1506 pro
751 1474 787 1495 se
809 1464 971 1509 suisque,
998 1476 1104 1509 quam
1121 1476 1216 1509 quae
1236 1463 1339 1497 Alius
1360 1464 1465 1508 Jahja
1485 1476 1547 1509 pro
1565 1464 1607 1498 iis
1629 1465 1666 1499 in
1684 1466 1784 1499 dedi-

105 1521 208 1554 tionis
235 1527 340 1565 pacto
368 1522 610 1567 stipulaverat.
660 1523 817 1568 Eamque
838 1525 883 1558 ob
914 1537 1073 1563 causam,
1100 1537 1212 1570 quum
1239 1536 1302 1569 per
1330 1524 1446 1558 fratris
1467 1526 1661 1560 adventum
1683 1533 1781 1560 certo

105 1581 332 1625 comperisset
349 1582 393 1614 ad
411 1583 549 1616 Sultani
570 1595 738 1628 sequaces
758 1595 840 1617 eum
856 1585 1038 1628 pertinere
1050 1612 1057 1623 ‚
1083 1598 1150 1619 nec
1171 1585 1366 1630 quidquam
1385 1586 1536 1629 amplius
1566 1587 1611 1618 ab
1629 1587 1688 1619 illo
1705 1600 1781 1622 esse

106 1640 398 1685 exspectandum,
420 1642 562 1676 miserat
582 1643 783 1687 clanculum
793 1645 949 1689 legatum
961 1646 1005 1678 ad
1017 1645 1281 1679 Desterdarium
1292 1644 1533 1688 Mustapharu,
1560 1651 1601 1678 ut
1622 1647 1795 1693 cumhoo

104 1707 223 1745 ageret
239 1701 283 1734 de
305 1703 437 1736 castelli
458 1703 658 1741 deditione,
682 1710 718 1737 et
738 1715 800 1749 per
820 1716 902 1736 eum
913 1704 1070 1739 Paschae
1091 1706 1232 1740 veniam
1251 1704 1493 1748 rogaveratad
1514 1706 1688 1740 utendum
1708 1720 1779 1742 me-

104 1762 300 1796 diatoribus
312 1763 536 1797 Defterdario
547 1764 733 1810 Mustapha
744 1771 780 1798 et
792 1766 1071 1799 Schamseddino
1089 1765 1263 1799 Ahmede.
1315 1765 1419 1809 Quod
1440 1765 1503 1799 ubi
1522 1769 1759 1812 comperitHa
1771 1793 1779 1797 -

105 1835 207 1856 sanus
219 1850 226 1862 ‚
240 1825 357 1857 statim
369 1837 431 1870 per
440 1825 578 1858 litteras
587 1825 741 1871 principi
751 1825 1017 1859 Caucabanensi
1027 1825 1209 1870 praecepit
1219 1850 1227 1863 ‚
1250 1831 1290 1858 ut
1300 1837 1335 1858 se
1348 1832 1573 1861 converteret
1583 1829 1628 1863 ad
1639 1829 1777 1864 Dester-

104 1884 240 1925 darium
260 1890 297 1918 ct
325 1896 405 1918 cum
424 1884 485 1918 illo
509 1885 553 1918 de
573 1885 642 1919 hac
662 1897 699 1919 re
720 1891 858 1930 ageret,
885 1887 975 1919 clam
994 1886 1077 1918 Alio
1096 1884 1201 1929 Jahja
1221 1891 1258 1918 et
1275 1886 1430 1932 reliquis.
1482 1888 1676 1922 Descendit
1694 1901 1776 1934 ergo

104 1943 402 1978 Schamseddinus
421 1956 502 1977 cum
522 1945 626 1978 sociis
638 1945 849 1990 sequacibus
861 1951 898 1978 et
919 1945 1128 1978 consiliariis
1147 1946 1192 1978 ad
1210 1957 1331 1990 agrum
1342 1947 1565 1988 Hausehani‚
1591 1951 1653 1996 qui
1672 1952 1773 1984 estin

104 2004 283 2037 montibus
292 2004 434 2041 Tsolae‚
462 2009 499 2036 et
517 2004 739 2048 Mustapham
752 2005 876 2038 docuit
897 2006 1089 2038 adventum
1110 2018 1212 2039 suum
1231 2006 1268 2039 in
1288 2009 1407 2041 vicum
1424 2010 1577 2043 Sirmum
1593 2018 1605 2033 ὃ
1627 2011 1772 2043 dictum.

102 2063 160 2096 Ad
181 2074 288 2108 quein
307 2062 425 2095 locum
452 2074 536 2096 cum
563 2063 827 2103 Desterdarius,
855 2070 1003 2110 accepto
1033 2065 1100 2100 hoc
1127 2067 1270 2105 nuntio,
1307 2067 1407 2102 brevi
1434 2073 1514 2112 post
1543 2069 1768 2107 accessisset,

104 2128 336 2159 occurrerunt
366 2122 432 2156 sibi
464 2122 620 2158 invicem
649 2135 729 2158 cum
757 2124 890 2158 honore
920 2136 1053 2159 summo
1074 2132 1111 2161 et
1139 2133 1284 2162 mutuae
1313 2127 1491 2161 amicitiae
1519 2127 1771 2170 speciminibus

1674 2189 1772 2223 -mul-

182 2312 251 2345 pido·
