2055 2865
266 251 360 284 rent:
389 241 484 288 quod
513 245 650 287 gratum
679 238 809 276 accidit
831 240 1045 279 -Izzcddino‚
1073 241 1136 288 qui
1166 248 1203 275 et
1231 242 1267 275 in
1295 253 1374 276 eam
1400 243 1611 279 'sententiam
1641 242 1709 291 ipsi
1740 240 1931 290 respondit

319 303 500 338 Mandavit
519 308 595 336 tum
613 303 750 336 Pascha
769 303 841 337 suis
860 315 984 349 parare
1006 304 1211 338 convivium
1237 315 1403 349 magnum
1431 304 1468 337 in
1497 306 1557 339 illo
1582 307 1661 340 loco
1681 306 1744 352 qui
1766 316 1934 339 commer-v

268 366 323 397 cio
354 373 435 396 cum
462 363 638 398 Lothfalla
669 365 885 398 constitutus
905 370 981 398 erat
1005 369 1043 397 et
1062 364 1250 409 pecuniam
1264 365 1411 397 multam
1431 363 1550 403 dedit,
1575 377 1646 410 qua
1665 366 1776 399 omnis
1798 365 1934 410 generis

264 423 334 455 cibi
357 428 560 456 emerentur
582 429 618 456 ct
636 429 845 468 pararentur
866 435 907 456 ac
927 423 1081 465 tentoria
1097 424 1205 469 jussit
1226 425 1313 470 erigi
1332 425 1368 458 in
1389 425 1583 458 adventum
1599 437 1711 458 suum.
1748 426 1938 460 Profectus

257 484 348 522 ¹dein
375 489 445 521 est,
481 484 644 517 omnibus
670 485 907 529 praeparatis,
943 485 987 518 ad
1016 497 1098 518 eum
1127 486 1246 519 locum
1274 498 1354 520 cum
1381 486 1602 531 principibus
1628 485 1842 531 quibusdam
1869 486 1935 518 im-

261 544 352 588 perii
383 544 598 582 Otsmzmici,
625 556 714 589 quos
742 556 862 578 secum
890 544 1022 579 habere
1053 544 1189 580 solebat
1214 551 1251 580 et
1282 547 1446 581 omnibus
1471 547 1583 592 copiis
1614 546 1805 580 Sultanicis
1833 551 1870 578 et
1889 547 1933 578 ad

260 617 342 638 eum
371 605 672 650 adpropinquavit
697 605 875 638 Lothsalla
904 606 1055 650 stipatus
1088 605 1133 637 ab
1161 607 1282 640 amicis
1310 607 1453 653 paucis,
1487 607 1551 652 qui
1577 607 1792 651 superabant
1820 612 1855 639 ct
1876 617 1935 638 co-

260 667 327 711 piis
357 666 706 704 Caucabancnsibus,
732 668 863 712 quibus
893 666 1114 700 accedebant
1144 667 1289 701 Vesirus
1318 668 1502 701 Izzeddini
1531 673 1567 701 et
1594 667 1737 703 Walius
1756 665 1777 699 s.
1798 665 1933 698 Abdal-

255 728 329 760 lac:
358 727 594 760 comitabatur
612 739 692 760 eum
704 733 888 771 praeterea
909 727 953 759 ad
973 726 1112 760 itineris
1131 726 1239 760 finem
1259 728 1370 761 omnis
1389 728 1564 761 exercitus
1577 727 1798 764 Sultanicus‚
1824 739 1929 771 quem

256 789 410 827 Pascha,
437 788 581 820 honoris
611 798 734 824 causa,
762 788 795 820 ei
825 788 967 820 obviam
993 787 1147 820 miserat.
1199 787 1408 826 Tentorium
1438 788 1570 822 Hasani
1601 791 1642 821 ut
1670 787 1926 821 tremebundus

257 851 466 885 intraverat,
503 858 638 880 summo
668 859 749 880 cum
775 847 909 880 honore
937 857 1019 880 eum
1048 846 1182 881 adfecit
1209 848 1364 886 Pascha,
1400 848 1464 893 qui
1488 853 1525 881 et
1557 848 1701 891 publice
1732 861 1796 881 sua
1819 861 1925 882 manu

256 921 336 941 enm
366 908 486 941 induit
516 908 676 941 vestibus
702 905 928 945 honorificis,
955 908 1137 952 perfectae
1167 908 1318 947 formae,
1346 908 1525 946 Turcicis,
1561 907 1791 941 interioribus
1812 914 1848 941 et
1873 922 1930 942 su-

254 970 390 1015 pernis,
410 982 450 1002 ac
471 969 625 1014 pugione
638 974 783 1013 argento
802 969 959 1002 obducto
981 980 1062 1001 eum
1084 971 1239 1003 ornavit:
1268 976 1344 1003 tum
1361 981 1504 1016 quoque
1525 969 1559 1002 ei
1579 968 1672 1001 dono
1693 968 1809 1007 dedit,
1836 970 1932 1014 quod

256 1037 361 1064 autea
379 1031 415 1063 in
434 1031 512 1074 ejus
529 1041 632 1062 usum
662 1034 869 1073 paraverat,
898 1029 1092 1061 tentorium
1117 1034 1227 1063 strato
1257 1036 1293 1064 et
1314 1031 1476 1064 onmibus
1506 1030 1612 1063 rebus
1642 1030 1848 1063 necessariis
1876 1030 1930 1062 in-

251 1096 436 1123 structum.
474 1089 692 1122 'Admodum
723 1088 945 1122 familiariter
973 1095 1060 1122 tunc
1086 1090 1145 1123 illo
1174 1102 1258 1123 usus
1290 1097 1361 1129 est,
1389 1092 1504 1125 donec
1530 1092 1674 1124 sedatus
1705 1097 1797 1124 esset
1826 1091 1929 1124 timor

255 1162 290 1188 et
313 1154 515 1188 recessisset
541 1158 675 1186 metus:
703 1152 834 1185 deinde
866 1162 948 1185 eum
977 1163 1056 1184 cum
1085 1151 1195 1196 ipsius
1224 1153 1328 1185 sociis
1358 1153 1502 1197 largiter
1538 1153 1710 1186 donatum
1734 1152 1779 1185 ad
1806 1152 1929 1185 convi-

254 1217 351 1248 vium
370 1215 472 1247 duxit
493 1220 529 1247 et
551 1225 631 1247 cum
652 1225 694 1246 eo
715 1219 752 1246 et
777 1213 941 1247 omnibus
968 1211 1191 1257 principibus
1221 1217 1258 1244 et
1288 1211 1462 1244 militibus
1491 1217 1544 1244 est
1571 1212 1745 1255 epulatus.
1797 1211 1923 1245 Finitis

253 1277 368 1321 epulis
389 1275 565 1309 concessit
585 1276 618 1308 ei
638 1275 775 1310 Pascha
804 1276 970 1309 vexillum
996 1273 1173 1307 excelsum
1200 1272 1422 1305 Sultanicum
1450 1278 1486 1305 et
1515 1272 1646 1305 iterum
1674 1284 1756 1305 eum
1787 1272 1926 1305 ornavit

252 1343 352 1371 veste
373 1336 570 1369 honorifica
588 1347 629 1369 ac
661 1336 848 1370 constituit
877 1336 910 1369 ei
938 1335 1156 1380 stipendium
1184 1335 1425 1372 Sultanicum,
1462 1335 1558 1380 quod
1587 1338 1745 1367 meretur
1773 1345 1929 1367 summus

250 1397 398 1442 signifer
416 1402 453 1430 et
479 1396 623 1440 insuper
643 1396 769 1440 quovis
790 1407 882 1429 aimo
902 1396 1116 1441 quingentas
1135 1395 1254 1428 lances
1271 1395 1369 1427 milio
1390 1396 1543 1439 repletas
1575 1400 1611 1427 ct
1642 1400 1786 1428 centum
1809 1395 1927 1428 lances

251 1458 376 1492 tritici.
426 1457 591 1502 Denique
613 1456 714 1490 dedit
732 1456 766 1490 ei
781 1457 876 1489 mille
895 1467 1057 1489 nummos
1079 1466 1203 1488 aurcos
1222 1460 1259 1488 et
1285 1466 1417 1501 equum
1443 1455 1611 1489 eximium
1639 1465 1719 1487 cum
1740 1454 1925 1500 ephippio,

251 1520 408 1554 antilena
436 1525 473 1553 et
503 1518 627 1552 monili
656 1518 906 1556 ornatissimis,
934 1518 1090 1563 gladium
1116 1515 1313 1562 pretiosum
1339 1520 1375 1549 et
1404 1516 1562 1550 tunicam
1585 1515 1740 1560 pellibus
1762 1515 1925 1549 sciurinis

250 1580 525 1618 circumdatam,
555 1578 729 1624 simulque
748 1579 927 1624 principes
949 1585 984 1611 et
1004 1579 1134 1611 milites
1154 1578 1266 1610 lectos
1285 1587 1366 1612 eum
1385 1577 1546 1610 comitari
1557 1577 1684 1621 jussit,
1705 1575 1849 1610 honoris
1867 1588 1922 1610 er-

250 1653 309 1685 go,
338 1641 381 1672 ad
408 1640 658 1674 Izzeddinum,
690 1651 798 1684 quem
818 1639 970 1671 invisere
990 1638 1167 1683 cupiebat.

299 1701 350 1733 Eo
369 1699 427 1733 die
449 1699 619 1732 traditum
635 1705 689 1733 est
710 1700 1011 1737 Dzamarmarum,
1034 1704 1181 1744 eratque
1203 1696 1231 1732 is
1247 1699 1324 1733 dies
1350 1699 1486 1740 Martis,
1513 1699 1641 1735 tertius
1659 1713 1703 1734 m.
1724 1699 1924 1736 Dzoulkaa-

250 1763 317 1796 dae
345 1761 428 1795 anni
456 1760 522 1794 991
564 1759 612 1801 (a.
643 1760 676 1792 d.
707 1759 731 1793 9
757 1759 964 1793 Novembris
1003 1759 1136 1803 1583):
1165 1765 1201 1793 et
1233 1767 1312 1806 post
1340 1761 1536 1796 Lothfallae
1562 1763 1774 1801 discessum,
1802 1762 1922 1796 statim

247 1824 387 1858 Pascha
409 1822 495 1856 illud
517 1822 605 1854 adiit
627 1826 662 1854 et
685 1820 863 1853 circumiit
882 1824 917 1853 et
938 1821 1034 1853 intus
1056 1821 1173 1853 omnia
1193 1821 1363 1865 inspexit:
1391 1822 1522 1855 deinde
1550 1822 1725 1868 disposuit
1744 1823 1794 1856 ibi
1814 1834 1918 1868 prae-

250 1887 382 1920 sidium
400 1884 553 1917 militum
580 1894 660 1916 cum
685 1881 888 1926 praefecto,
920 1886 955 1914 et
978 1892 1059 1914 cuni
1085 1881 1241 1914 militum
1260 1882 1412 1916 ducibus
1441 1886 1477 1916 et
1496 1883 1717 1928 principibus
1737 1883 1919 1920 omnihus,

248 1947 427 1982 Arabibus
448 1951 484 1978 et
508 1944 657 1981 exteris,
685 1942 823 1976 introiit
852 1942 988 1975 castelli
1009 1942 1179 1987 templum
1208 1947 1244 1975 et
1264 1942 1313 1975 ibi
1340 1953 1464 1988 preces
1494 1943 1623 1976 effudit
1649 1946 1685 1976 ct
1713 1944 1919 1977 concionem

244 2009 374 2042 habuit
393 2020 434 2041 ex
455 2006 668 2040 auctoritate
699 2010 736 2038 et
763 2004 906 2037 nomine
938 2003 1086 2043 Sultani.
1138 2002 1274 2036 Exinde
1304 2004 1474 2038 victoriae
1500 2004 1645 2038 nuntios
1673 2003 1850 2049 ablegavit
1879 2005 1915 2038 in

248 2080 387 2103 omnem
417 2068 615 2104 Jemanam,
652 2067 787 2099 Sanaac
815 2065 940 2098 incolis
960 2064 1142 2098 mandavit
1166 2063 1296 2097 festum
1321 2071 1457 2110 septem
1484 2065 1624 2099 dierum
1652 2065 1848 2104 celebrare,
1878 2070 1914 2099 et

246 2142 308 2174 per
325 2131 461 2163 litteras
483 2127 675 2161 Izzeddino
697 2127 787 2160 haec
814 2125 931 2162 onmia
959 2125 1100 2163 retulit,
1127 2125 1172 2158 ad
1198 2134 1305 2171 quem
1333 2127 1458 2160 eodem
1486 2126 1596 2160 ferme
1628 2131 1786 2171 tempore
1805 2126 1914 2160 Loth-

246 2192 329 2223 falla
349 2189 506 2223 accessit.
558 2188 660 2221 Adiit
677 2187 736 2220 hic
757 2192 877 2220 autem
904 2198 977 2219 non
1005 2191 1143 2218 tantum
1162 2186 1395 2224 Izzeddinum
1415 2193 1451 2220 et
1476 2186 1599 2220 fratres
1616 2199 1714 2225 suos,
1741 2186 1803 2232 qui
1825 2185 1915 2219 Cau„

246 2251 370 2282 cab-ani
388 2249 565 2294 degebant
584 2255 645 2282 aut
661 2240 880 2294 aliquamdiu
899 2245 1222 2284 commorabantur,
1249 2247 1311 2280 sed
1331 2253 1367 2280 et
1384 2248 1578 2288 Hoseinum
1603 2247 1761 2281 Paschae
1780 2247 1909 2283 filium,

242 2312 306 2357 qni
328 2310 520 2345 honorifice
550 2323 632 2345 eum
660 2309 801 2356 excepit
827 2314 864 2344 et
880 2308 1007 2353 quinto
1031 2312 1112 2352 post
1136 2307 1214 2352 ejus
1248 2307 1442 2342 adventum
1468 2308 1526 2342 die
1552 2307 1800 2343 Caucabanum
1827 2307 1909 2340 reli-

1829 2367 1908 2411 quit
