2055 2865
882 192 1164 230 ...49-

184 292 272 319 'vero
297 282 492 325 Lothfalla,
521 285 555 319 in
584 284 687 320 initio
717 285 932 321 defectionis
960 288 1044 322 suae
1071 289 1116 322 ab
1147 289 1295 335 imperio
1334 288 1517 324 Sultanico
1535 316 1542 328 ‚
1576 296 1713 324 mutare
1741 289 1848 340 hujus

187 345 317 379 montis
348 346 422 379 vias
452 351 488 378 et
511 352 689 380 exstruere
716 349 819 381 alias:
848 353 884 380 et
907 348 1154 381 nominaverat
1184 349 1301 382 locum
1331 350 1368 383 in
1396 358 1515 386 monte
1551 348 1728 386 munitum
1754 351 1849 386 Kha-

185 402 325 439 dhiram
342 412 372 445 ²,
398 406 435 439 in
446 410 517 452 q'uo
536 406 759 451 disposuerat
777 406 945 440 cohortes
959 407 1131 452 quasdam
1143 420 1184 442 ex
1202 410 1361 443 exercitu
1374 423 1454 450 suo,
1481 412 1610 458 quibus
1631 410 1852 457 praefecerat

184 465 381 511 principem
401 472 601 505 strenuum,
627 467 927 512 Abdalmognium
947 467 970 501 f.
990 467 1117 513 Jahjae
1148 469 1356 503 Nosairium.
1407 472 1465 505 Ad
1485 473 1671 507 Dholmam
1693 478 1851 507 montem

184 532 224 559 ut
243 533 453 571 pervenerat
473 527 641 565 Sinanus,
667 527 806 571 vesperi
822 527 946 561 divisit
974 529 1170 562 exercitum
1198 541 1301 562 suum
1327 530 1364 562 in
1393 532 1521 564 multas
1550 539 1685 576 partes,
1717 533 1848 578 quibus

183 587 329 630 singulis
358 586 467 619 duces
496 585 684 619 constituit
708 591 744 620 et
773 587 851 621 loca
875 588 1094 633 designavit,
1128 587 1224 621 unde
1254 589 1425 633 postridie
1449 596 1546 623 recta
1575 592 1611 625 in
1641 593 1751 626 altum
1768 605 1849 638 pro-

183 644 432 689 grederentur3
459 651 500 679 ut
520 646 608 679 adeo
626 657 646 679 a
662 647 853 687 lateribus,
879 648 1042 694 pluribus
1071 648 1158 681 locis
1186 647 1290 681 simul
1317 649 1456 684 hostem
1485 658 1750 696 oppugnarent3
1777 653 1851 697 ipse

180 706 274 739 viam
294 706 427 751 regiam
445 704 512 738 sihi
531 706 708 753 sociisque
728 708 945 754 sequendam
963 709 1098 742 sumsit.
1149 708 1308 755 Cumque
1333 721 1414 756 ergo
1445 710 1611 756 apparuit
1635 722 1763 744 aurora
1779 712 1852 745 diei

183 765 323 804 Lunae,
349 766 468 811 quarti
497 765 629 800 Rebiae
663 767 789 812 prioris
821 763 917 802 anns
940 767 1008 803 991
1046 767 1142 810 (diei
1173 767 1217 802 19
1241 769 1359 803 Martii
1397 769 1528 815 1583),
1555 771 1653 816 signo
1680 772 1764 806 dato
1790 773 1856 806 im-

181 831 307 870 petum
334 825 421 859 fecit
450 827 626 861 exercitus
655 827 859 862 Sultanicus
885 835 922 863 et
940 840 1176 875 unaquaeque
1205 829 1330 863 cohors
1354 830 1470 864 eloco
1496 830 1563 863 sibi
1582 831 1767 875 designato
1791 833 1850 867 ad-

182 887 321 920 scendit
340 893 516 920 montem:
543 887 639 921 unde
670 887 806 922 factum
829 895 902 928 est,
927 895 969 922 ut
995 888 1194 923 Lothsallae
1217 889 1366 928 milites,
1393 890 1456 936 qui
1484 891 1655 925 audacter
1682 892 1719 925 in
1749 893 1847 926 Sina-

179 957 263 979 num
281 957 322 979 ex
342 946 413 980 alto
433 954 702 992 procurrerant,
730 959 750 981 a
770 948 886 982 fronte
915 955 952 982 et
976 948 1148 981 lateribus
1179 949 1390 993 oppugnati,
1417 962 1462 983 ne
1490 950 1599 984 etiam
1617 964 1638 984 a
1664 958 1762 996 tergo
1782 953 1850 985 cir-

183 1007 421 1046 cumirentur,
459 1007 562 1039 initio
592 1007 686 1040 lente
714 1008 861 1052 gradum
889 1008 1083 1049 reserrent;
1119 1008 1288 1054 deinceps
1317 1021 1419 1047 vero,
1455 1015 1644 1054 postquam
1674 1012 1850 1047 Sultanici

178 1068 309 1101 milites
331 1066 514 1100 castellum
532 1064 674 1099 Kaflum
691 1067 706 1089 b
733 1074 1035 1114 expugnaverant,
1063 1068 1173 1102 citato
1201 1080 1307 1102 cursu
1340 1068 1505 1115 fugerent
1534 1080 1656 1103 versus
1685 1071 1850 1108 Dzamar-

177 1138 320 1160 marum.
371 1123 475 1158 Multi
495 1135 537 1157 eo
553 1124 611 1159 die
627 1139 668 1161 ex
695 1128 928 1163 Lothfallanis
957 1129 1166 1162 ceciderunt
1192 1127 1384 1162 militibus:
1414 1134 1557 1173 praeter
1573 1140 1633 1163 eos
1651 1131 1761 1170 enim,
1787 1134 1851 1178 qui

174 1188 213 1220 in
234 1186 426 1220 certamine
445 1193 644 1232 pugnantes
661 1190 924 1230 occubuerant,
951 1191 989 1224 in
1009 1189 1093 1234 suga
1108 1188 1213 1222 multi
1241 1194 1323 1222 sunt
1352 1190 1447 1234 capti
1468 1196 1504 1224 et
1534 1192 1627 1225 caesi
1647 1204 1843 1240 eorumque

175 1247 292 1292 capita
309 1253 464 1281 resecta:
492 1249 625 1294 captivi
655 1261 739 1284 vero
764 1263 837 1285 non
865 1256 947 1285 sunt
968 1251 1114 1289 servati,
1143 1250 1205 1284 sed
1233 1251 1278 1284 ad
1305 1262 1417 1290 unum
1435 1262 1555 1285 omnes
1574 1253 1708 1292 necati,
1735 1267 1846 1299 quau-

174 1306 368 1352 doquidem
395 1320 529 1343 summa
555 1311 746 1345 severitate
781 1312 838 1345 vel
863 1311 983 1355 potius
1012 1311 1225 1344 crudelitate
1255 1311 1292 1344 in
1322 1312 1417 1344 omni
1448 1311 1517 1345 hoe
1553 1312 1646 1345 bello
1674 1313 1845 1348 utebatur

173 1367 326 1401 Sinanus
356 1379 439 1414 erga
476 1370 675 1404 Lothfallae
712 1372 853 1404 milites.
914 1371 999 1404 Post
1033 1371 1205 1405 Dholmae
1250 1370 1546 1416 expugnationem
1583 1371 1758 1416 disposuit
1794 1373 1846 1407 ibi

171 1427 389 1472 praesidium
414 1440 456 1462 ex
485 1429 644 1463 exercitu
678 1430 862 1463 Sultanico
888 1430 1023 1463 lectum
1057 1441 1138 1463 cum
1166 1431 1256 1465 varii
1295 1429 1432 1474 generis
1473 1432 1659 1467 tormentis
1695 1434 1843 1469 bellicis.

177 1488 299 1532 Quum
322 1495 443 1522 autem
475 1495 688 1533 pervenerat
721 1490 869 1523 nuntius
904 1490 950 1524 ad
979 1491 1160 1525 Hasanum
1194 1490 1366 1525 Pascham
1405 1493 1676 1536 expugnationis
1712 1498 1842 1531 montis

174 1547 347 1582 Dliolmae
373 1553 410 1582 et
439 1547 543 1593 fugae
572 1549 747 1583 exercitus
777 1550 993 1583 Lothsallani
1020 1563 1039 1584 e
1068 1551 1306 1584 munitissimo
1334 1551 1393 1583 illo
1419 1552 1516 1590 loco,
1550 1566 1658 1597 quem
1688 1567 1758 1589 uno
1785 1557 1846 1591 die

175 1619 238 1653 per
258 1607 331 1641 vim
350 1612 589 1652 expugnatum
609 1608 651 1640 iri
670 1609 727 1641 vix
748 1620 789 1641 ac
805 1621 851 1642 ne
882 1610 939 1643 vix
962 1610 1109 1655 quidem
1139 1616 1361 1655 speraverat,
1388 1617 1468 1654 post
1493 1613 1622 1656 gratias
1647 1613 1722 1647 Deo
1747 1622 1846 1651 actas

173 1666 296 1706 statim
315 1679 351 1701 se
370 1669 510 1713 paravit
531 1669 576 1702 ad
592 1669 660 1702 iter
680 1679 801 1702 versus
821 1680 903 1702 eum
920 1675 1094 1708 montem,
1120 1675 1161 1703 ut
1178 1670 1277 1703 illum
1298 1670 1503 1703 circumiret
1531 1676 1567 1704 et
1586 1671 1780 1717 inspiceret
1806 1682 1843 1711 et

174 1726 399 1762 confirmaret
414 1729 632 1775 praesidium
653 1730 703 1763 ibi
727 1728 1002 1774 disponendum,
1029 1729 1084 1763 uti
1112 1734 1149 1763 et
1179 1730 1357 1776 reliquum
1383 1731 1579 1765 exercitum
1604 1734 1649 1766 ad
1679 1735 1844 1770 Dzamar·

172 1797 309 1820 marum
324 1789 620 1833 proficiscentem.
671 1791 782 1825 Petiit
798 1791 908 1834 igitur
933 1796 1091 1824 montem
1118 1789 1307 1823 Dholmam
1324 1791 1383 1824 die
1414 1792 1565 1837 septimo
1587 1794 1694 1840 hujus
1715 1799 1844 1832 mensis

173 1852 210 1881 et
230 1848 355 1882 eodem
370 1849 428 1884 die
446 1850 531 1884 illuc
548 1851 695 1884 advenit
716 1862 797 1884 cum
816 1862 942 1896 magno
971 1851 1125 1884 militum
1151 1851 1300 1895 gaudio,
1326 1865 1478 1898 quorum
1506 1867 1587 1888 eum
1613 1857 1844 1892 salutantium

173 1920 279 1943 voces
296 1915 553 1944 tormentorum
579 1911 734 1944 sonitum
761 1911 870 1944 ferme
891 1911 1115 1956 superabant.
1168 1912 1297 1945 Invisit
1319 1918 1404 1946 tunc
1425 1919 1538 1947 totum
1558 1916 1655 1950 hunc
1672 1926 1843 1958 montem,

171 1966 210 2001 in
232 1970 410 2004 nonnullis
435 1970 522 2004 locis
551 1970 769 2005 munitiones
797 1971 908 2016 jussit
937 1971 1096 2005 construi
1120 1977 1156 2006 et
1182 1974 1341 2020 undique
1375 1979 1532 2008 montem
1558 1979 1648 2012 vallo
1680 1979 1843 2012 munivit.

1744 2039 1844 2074 Tunc

222 2147 236 2165 ²
254 2134 390 2192 &jans‘sst
525 2142 541 2166 b
557 2131 650 2184 Agall-
688 2145 817 2174 videtur
837 2129 1019 2186 auetor'per
1049 2146 1214 2178 ludibrium
1233 2148 1291 2179 hoe
1316 2151 1446 2186 nomine,
1476 2151 1556 2189 quod
1578 2151 1701 2180 aridum
1729 2153 1844 2192 signifi-

173 2226 240 2258 cat,
264 2222 345 2252 idem
365 2224 521 2255 castellum
545 2227 717 2266 appellare,
746 2228 827 2266 quod
855 2227 1025 2266 Lothfalla‚
1057 2236 1089 2259 ut
1122 2241 1212 2270 supra
1242 2232 1384 2267 diximus,
1414 2232 1620 2270 Khadhiram,
1641 2233 1670 2263 Ιι.
1689 2243 1713 2264 ε.
1731 2236 1844 2273 virens,

170 2303 384 2341 appellaverat.

1118 2366 1150 2400 G
