2055 2865
230 192 280 228 illi
311 190 442 224 milites
470 186 610 222 tradere
638 188 731 222 hanc
760 200 895 228 arcem,
929 191 997 224 nisi
1028 191 1167 224 adesset
1192 190 1354 225 Hasanus
1382 191 1456 237 ipse
1476 218 1483 231 ,
1518 195 1623 238 cnjus
1647 189 1835 238 'integritas
1866 200 1901 229 et

224 252 368 300 justitia
389 263 462 285 non
484 250 600 283 minus
630 256 731 283 crant
751 252 932 296 cognitae,
958 263 1066 296 quam
1083 252 1277 286 liberalitas
1297 258 1334 286 et
1362 253 1400 286 in
1427 254 1660 288 condonando
1686 254 1897 300 benignitas.

227 314 362 348 Eorum
379 311 557 345 desiderio
577 311 750 345 satisfecit
766 311 902 346 Pascha
920 317 957 344 et
976 313 1089 346 Sanaa
1109 314 1193 346 illuc
1212 314 1394 358 profectus
1412 315 1449 347 in
1468 314 1690 349 deditionem
1717 327 1776 349 eos
1797 327 1895 351 acce-

226 375 301 420 pit;
326 383 445 418 neque
471 377 611 404 tantum
633 371 719 404 fidei
739 377 774 404 et
792 370 1008 416 integritatis
1029 383 1112 405 suae
1133 373 1261 406 famam
1280 374 1520 414 confirmavit,
1547 376 1609 410 sed
1637 382 1674 410 et
1701 375 1897 411 Lothsallae

228 434 343 468 filium
362 438 461 466 veste
480 430 676 465 honorifica
693 431 832 464 ornavit
852 437 889 465 et
911 432 1066 477 singulos
1085 433 1218 466 milites
1237 434 1459 467 vestimentis
1484 440 1521 468 et
1539 437 1692 469 nummis
1720 438 1895 481 argenteis

224 495 383 530 donavit.
433 493 621 527 Castellum
649 496 770 524 autem
792 491 1001 525 Kahranum
1028 493 1143 526 tribus
1172 492 1351 537 gaudebat
1371 494 1481 537 portis
1502 501 1539 529 et
1565 496 1644 530 viae
1673 499 1717 532 ad
1744 511 1803 534 eas
1826 500 1893 534 du-

226 561 346 590 centes
366 554 502 587 excisae
522 557 622 585 erant
641 551 679 584 in
698 563 804 597 rupe,
831 553 881 586 ita
901 559 942 587 ut
957 553 1089 599 passim
1106 552 1252 597 singulis
1272 557 1411 586 tantum
1439 552 1642 590 hominibus
1670 565 1788 593 essent
1813 571 1895 606 per-

225 616 314 648 viae.
364 613 410 646 In
429 611 546 645 media
565 611 643 656 ejus
670 619 774 656 porta
801 613 982 659 pendebat
1012 613 1220 659 capillorum
1249 611 1378 651 forfex,
1404 625 1475 658 qua
1496 615 1541 648 ad
1569 616 1797 660 ignominiam
1816 626 1895 655 ton—

223 674 370 708 deretur
387 672 498 706 barba
514 670 689 717 praefecti
702 672 821 713 illius,
848 675 910 721 qui
929 674 1021 708 hane
1040 686 1158 708 arcem
1176 674 1248 709 huc
1266 687 1380 721 usque
1399 675 1570 709 invictam
1587 676 1682 712 hosti
1701 680 1897 716 traditurus

223 739 332 769 esset:
354 733 450 767 illius
468 739 588 768 tamen
604 746 700 768 nunc
719 735 837 769 nullus
850 741 925 770 erat
939 748 1042 775 usus,
1068 736 1360 783 quandoquidem
1379 736 1579 770 Lothfallae
1598 737 1711 776 filius,
1737 738 1896 774 Kahrani

222 793 445 841 praefectus,
483 806 563 828 cum
597 794 739 829 Hasano
770 797 919 829 Sanaam
955 809 993 831 se
1029 796 1256 833 converterit.
1305 797 1422 831 Noctu
1458 796 1551 831 hanc
1580 797 1708 831 urbem
1745 799 1894 833 intravit

222 857 401 893 Ilasanus,
427 867 471 888 ne
498 854 650 899 populus
679 854 818 888 videret
846 855 994 890 formam
1017 863 1054 892 et
1080 857 1209 892 faciem
1231 856 1448 895 mirabilem,
1474 868 1546 902 qua
1574 856 1773 892 Lothsallae
1800 859 1895 893 filius

223 915 420 961 gaudebat:
448 915 526 948 fieri
543 914 638 948 enim
653 926 725 948 non
744 921 904 960 poterat,
930 917 1036 962 quin,
1062 918 1126 963 qui
1142 929 1224 950 eum
1240 917 1406 955 vidisset,
1433 916 1622 950 inclinaret
1641 917 1686 951 ad
1702 919 1812 953 illum.

268 976 357 1011 Cum
375 988 457 1022 ergo
475 974 587 1009 omnis
607 973 805 1008 Lothi'allae
826 975 924 1019 regio
943 976 1133 1021 omniaque
1152 976 1248 1008 illius
1263 976 1342 1008 loca
1369 975 1525 1013 munita,
1552 983 1700 1022 excepto
1730 979 1895 1015 Dzamarss

220 1049 333 1075 maro,
360 1036 397 1069 in
420 1040 638 1082 potestatem
667 1039 840 1068 venerant
864 1035 1013 1075 Hasani,
1039 1036 1235 1069 arctissime
1265 1035 1354 1069 illud
1380 1035 1579 1073 castellum,
1605 1037 1703 1080 quod
1728 1049 1792 1082 per
1821 1039 1891 1073 vim

221 1098 300 1143 capi
320 1109 392 1130 non
414 1095 552 1143 potuit,
580 1094 795 1140 cingendum
813 1096 954 1129 curavit
972 1095 1111 1129 Pascha
1130 1106 1284 1142 eumque
1303 1096 1342 1128 in
1368 1094 1492 1133 finem,
1519 1093 1563 1127 ad
1592 1098 1770 1142 exemplar
1795 1100 1892 1135 urbis

218 1157 355 1191 circum
382 1156 543 1190 Modaam
573 1160 774 1189 exstructae
792 1181 800 1194 ,
827 1156 1117 1190 Dzamarmarum
1144 1155 1357 1189 circumdari
1371 1155 1481 1200 jussit
1500 1155 1664 1190 domibus
1695 1160 1890 1200 continuis,

218 1229 306 1264 quas
332 1217 507 1251 Sultanici
533 1216 740 1251 habitarent
772 1215 915 1250 milites.
966 1217 1074 1251 Brevi
1102 1229 1246 1263 quoque
1278 1217 1315 1250 id
1343 1223 1397 1250 est
1424 1216 1611 1255 effectum,
1647 1219 1891 1266 nequidquam

216 1277 499 1324 repugnantibus
524 1277 914 1317 Dzamarmarensibus,
941 1290 1094 1325 quorum
1123 1278 1174 1311 ita
1198 1289 1276 1322 spes
1305 1283 1568 1311 commeatuum
1598 1277 1890 1316 advehendorum

216 1351 360 1386 prorsus
378 1338 527 1374 evanuit
545 1343 581 1371 et
601 1337 707 1371 simul
722 1337 845 1371 salutis
863 1339 1081 1383 exspectatio
1098 1338 1252 1372 multum
1269 1336 1445 1372 diminuta
1466 1344 1537 1377 est,
1572 1349 1684 1384 quum
1706 1339 1744 1372 in
1773 1346 1895 1385 aperto

216 1407 310 1436 esset
329 1400 405 1434 sore
423 1405 466 1433 ut
484 1398 661 1433 exercitus
682 1396 886 1430 Sultanicus
905 1397 1031 1431 urbem
1051 1396 1338 1434 circumsideret,
1365 1396 1481 1430 donec
1502 1409 1580 1430 eam
1599 1398 1761 1443 cepisset.

264 1459 374 1493 Varia
402 1464 488 1490 tunc
514 1458 744 1494 acciderunt,
776 1468 868 1501 quae
895 1457 1078 1490 efficerent
1104 1462 1146 1490 ut
1173 1456 1305 1490 obsessi
1332 1457 1488 1490 animum
1516 1458 1798 1503 desponderent:
1825 1472 1890 1497 ne-

215 1516 413 1565 quidquam
440 1516 512 1550 huc
539 1529 652 1562 usquc
684 1517 855 1551 audacter
890 1522 1182 1561 oppugnaverant
1219 1517 1443 1550 Sultanicum
1478 1519 1698 1560 exercitum,
1733 1522 1890 1559 militum

212 1590 362 1614 numero
382 1576 494 1610 multo
514 1587 549 1608 se
568 1576 802 1620 superiorem3
830 1583 866 1610 et
883 1577 941 1610 vix
960 1576 1122 1621 perfecta
1150 1582 1252 1609 erant
1273 1584 1388 1611 castra
1404 1579 1441 1611 in
1459 1579 1556 1611 urbis
1581 1581 1726 1613 modum
1753 1582 1889 1618 circum

213 1641 502 1674 Dzamarmarum
529 1640 724 1674 exstructa,
756 1647 869 1681 quum
892 1634 1095 1680 prodigium
1124 1636 1327 1669 inauditum
1356 1637 1603 1682 superstitioso
1627 1640 1760 1684 populo
1790 1642 1888 1676 urbis

212 1698 397 1732 interitmn
418 1695 598 1730 cecinerit.
650 1694 829 1741 Apparuit
847 1695 957 1732 enim,
983 1695 1101 1728 media
1121 1697 1275 1742 quadam
1291 1703 1397 1731 nocte
1410 1724 1417 1736 ,
1445 1709 1526 1731 cum
1553 1698 1706 1743 primum
1725 1701 1769 1734 ab
1787 1703 1882 1737 omni

211 1763 311 1805 parte
331 1757 450 1791 clausa
468 1762 544 1789 erat
560 1755 645 1789 urbs
667 1767 748 1790 cum
769 1756 931 1795 castcllo‚
959 1761 1035 1789 atra
1059 1756 1173 1790 nubes
1197 1770 1289 1804 quae
1327 1763 1450 1791 contra
1474 1757 1589 1802 ipsum
1617 1761 1800 1794 castellum
1827 1763 1881 1796 in-

211 1825 352 1866 gentem
370 1817 501 1852 effudit
516 1814 786 1849 multitudinem
811 1816 1105 1850 animalculorum
1130 1818 1302 1852 alatorum
1324 1830 1364 1851 ex
1384 1829 1511 1862 genere
1531 1818 1748 1854 locustarum
1776 1821 1884 1856 flava-

210 1892 306 1917 rum,
332 1879 385 1912 ita
398 1883 439 1912 ut
457 1876 674 1922 repleverint
693 1877 849 1921 parietes
869 1882 906 1911 et
922 1888 1025 1910 omne
1055 1882 1210 1911 tectum:
1238 1879 1335 1924 quod
1364 1879 1566 1912 inauditum
1591 1885 1628 1913 et
1656 1893 1787 1915 novum
1803 1895 1882 1928 pro-

209 1939 345 1984 digium
371 1938 528 1972 omnium
556 1937 691 1970 animos
719 1937 863 1970 horrore
890 1936 1042 1981 replevit
1070 1943 1107 1971 et
1133 1944 1231 1972 metu
1261 1938 1374 1972 futuri
1405 1940 1582 1975 interitus.
1634 1942 1692 1976 Ad
1720 1953 1879 1976 auroram

212 1998 394 2044 sequentis
420 1997 511 2036 diei,
545 2010 657 2043 quum
685 1996 863 2031 Lothsalla
897 2008 977 2029 cum
1004 1998 1184 2032 nonnullis
1223 1999 1429 2034 cohortibus
1466 2001 1730 2047 expeditionem
1764 2000 1877 2034 voluit

214 2057 392 2101 suscipere
421 2062 456 2089 et
483 2056 676 2101 irrumpere
703 2057 740 2089 in
774 2061 888 2089 castra
924 2056 1105 2090 Sultanica
1124 2084 1131 2097 ‚
1163 2059 1199 2092 id
1227 2071 1380 2104 agmen,
1417 2074 1498 2094 cum
1535 2061 1572 2093 in
1601 2072 1642 2092 eo
1670 2065 1763 2093 esset
1791 2066 1832 2093 ut
1857 2074 1878 2096 e

210 2116 447 2150 Dzamarmari
481 2122 583 2160 porta
618 2114 839 2161 erumperet,
874 2121 1012 2149 tantum
1042 2129 1114 2151 non
1147 2130 1250 2152 omne
1289 2120 1435 2152 interiit.
1495 2119 1631 2152 Cecidit
1671 2120 1791 2159 enim,
1834 2133 1875 2155 eo

209 2172 287 2222 ipso
307 2182 463 2220 tempore
494 2183 530 2209 et
555 2177 650 2215 loco,
678 2178 800 2222 ingens
826 2176 1061 2220 fragmentum
1087 2180 1217 2213 montis
1247 2180 1481 2217 imminentis,
1509 2179 1606 2224 quod
1632 2180 1761 2214 multos
1787 2181 1876 2216 inte-

206 2237 318 2271 remit.
370 2237 432 2271 His
455 2238 570 2271 territi
590 2238 760 2283 prodigiis
780 2238 972 2272 noluerunt
1003 2241 1087 2274 dein
1118 2241 1443 2274 Dzamarmarcnses
1473 2251 1627 2285 pugnam
1651 2243 1871 2277 committere

1222 2303 1253 2334 tir
1280 2299 1301 2333 2
1839 2309 1875 2338 et
