2055 2865
906 68 1211 104 —117—

218 155 638 201 sen-entSchibamu1113
675 159 859 205 denique,
895 161 991 206 quod
1031 162 1149 195 nullus
1180 174 1337 208 unquam
1377 162 1492 195 victor
1528 173 1610 208 erga
1650 163 1763 196 victos
1793 164 1896 201 fecit,

218 221 411 266 unicuique
442 225 524 253 ante
552 220 798 264 migrationem
826 227 906 266 post
934 234 1057 255 eorum
1085 223 1355 256 submissionem
1391 223 1578 256 nonnullos
1605 224 1707 256 dedit
1736 237 1895 257 nummo-s

217 293 360 319 aureos,
386 287 427 314 ut
452 281 503 313 ita
531 292 651 314 omnes
681 281 855 315 haberent
879 282 975 314 unde
1007 285 1170 316 viverent
1200 289 1237 317 et
1265 296 1300 318 se
1332 296 1483 329 suosque
1512 290 1753 318 sustentarent
1778 285 1896 319 ‹iones-

218 342 390 386 cujusque
412 347 524 374 status
543 341 580 374 in
599 353 692 375 nova
713 342 794 375 sede
816 347 909 374 esset
924 341 1194 386 redintegratus.

265 401 441 433 Matutino
463 413 544 445 ergo
575 407 732 445 tempore
760 401 850 433 dicti
875 400 948 433 diei
975 400 1138 434 exierunt
1169 403 1387 441 Ibrahimus,
1423 404 1605 438 Ahmedes
1635 411 1671 439 et
1698 417 1817 439 omnes
1837 418 1894 439 eo-

217 473 294 493 rum
315 461 402 493 socii
422 462 556 494 residui
578 474 619 494 ex
639 460 800 493 castello:
828 471 981 504 cumque
1011 460 1055 492 ad
1082 467 1220 504 portam
1252 462 1402 495 ferream
1419 469 1452 502 ³,
1486 476 1577 509 quae
1609 465 1730 499 infima
1759 466 1894 499 castelli

218 527 292 554 erat
309 527 426 566 porta,
454 521 715 565 pervenissent,
743 520 899 553 occurrit
919 520 961 553 iis
981 520 1157 554 Hoseinus
1179 521 1201 554 s.
1220 522 1378 555 Paschae
1408 536 1487 556 cum
1513 526 1670 559 exercitu
1697 527 1896 563 sultanico,

217 582 279 626 qui
300 592 358 613 eos
379 581 421 612 ad
440 580 614 613 pascham
633 586 686 613 est
706 581 904 613 comitatus.
956 581 1013 614 Ibi
1032 593 1152 615 01111165
1171 582 1364 616 adsuerunt
1382 585 1546 617 convivio
1576 587 1611 618 in
1638 599 1759 620 eorum
1784 588 1897 621 hono-

220 653 292 673 rem
319 646 444 685 parato
475 646 512 673 et
548 642 662 686 epulis
691 641 801 674 finitis
832 642 1013 675 Ibrahimo
1043 643 1283 688 Sandjakb‘egi
1311 656 1441 678 munus
1481 657 1562 678 cum
1592 648 1770 686 munibus,
1806 661 1896 693 quae

219 702 262 734 ad
283 701 369 734 illud
389 701 589 746 pertinent,
622 702 791 740 nummis,
827 703 1066 741 vestimentis,
1103 704 1321 749 reliquisque
1350 705 1456 739 rebus
1478 712 1531 740 est
1554 708 1740 741 traditum:
1768 710 1900 744 Almie-

219 763 281 796 des
299 762 354 795 uti
374 767 410 795 et
429 773 548 795 omnes
573 773 737 807 proceres
763 767 799 795 et
818 769 1017 806 magnates,
1043 764 1106 810 qui
1127 764 1348 798 Ibrahimum
1373 767 1653 807 comitabantur,
1681 771 1901 804 vestimentis

221 829 258 857 et
278 823 430 857 nummis
449 823 544 866 large
566 827 648 854 sunt
668 822 803 856 donati.
854 824 1005 858 Duravit
1025 831 1146 858 autem
1162 824 1300 859 obsidio
1321 827 1456 860 castelli
1476 828 1599 861 Tsolae
1617 840 1747 863 novem
1765 843 1903 865 menses

222 885 250 917 si
271 895 396 916 novem
418 882 612 915 detraxeris
633 882 728 922 dies,
755 884 850 917 uude
870 884 1005 918 sactum
1026 892 1097 924 est,
1124 892 1165 919 ut
1184 887 1281 920 haud
1300 899 1414 932 pauca
1432 888 1600 924 alimenta
1619 902 1760 935 prorsus
1772 893 1901 926 defice-

222 951 319 983 rent,
347 944 414 977 alia
433 955 538 988 parce
559 943 664 976 modo
685 951 918 989 superessent.
970 946 1214 979 Abundabant
1235 947 1279 980 ad
1300 947 1406 980 finem
1434 961 1548 994 usque
1577 950 1771 986 obsidionis
1801 954 1904 998 buty-

221 1018 317 1043 rum,
343 1005 430 1042 mel,
456 1004 589 1042 lentes,
616 1004 717 1037 sabae
745 1011 782 1037 et
812 1016 931 1049 oryza:
961 1006 1120 1038 triticum
1146 1018 1230 1040 vero
1260 1019 1302 1039 ea
1328 1009 1511 1052 paucitate
1539 1011 1679 1050 aderat,
1706 1020 1747 1046 111
1775 1026 1904 1058 parvus

229 1068 306 1111 ejus
334 1064 475 1100 modius
503 1065 719 1097 venderetur
755 1076 899 1097 nummo
933 1077 1069 1098 aureo:
1106 1066 1181 1099 ovis
1218 1069 1506 1112 quatuordeeim,
1540 1070 1603 1103 bos
1633 1073 1779 1115 triginta
1807 1088 1906 1107 num-

223 1127 289 1158 mis
309 1126 425 1159 aureis
456 1125 650 1158 constabat.
702 1124 805 1157 Multi
834 1137 917 1158 vero
948 1138 989 1158 ex
1011 1126 1161 1160 obsessis
1188 1128 1319 1162 morbis
1346 1129 1615 1175 abripiebantur
1644 1133 1794 1167 durante
1816 1136 1907 1168 Obsi-

224 1186 348 1223 dione,
376 1186 425 1217 ita
443 1190 484 1218 ut
505 1196 584 1217 cum
603 1185 819 1230 septingenti
849 1185 1010 1219 homines
1038 1188 1222 1221 castellum
1251 1189 1481 1234 reliquerint,
1509 1194 1662 1226 trecenti
1688 1199 1723 1226 et
1750 1196 1905 1228 sedecim

222 1256 286 1289 per
306 1244 444 1277 morbos
463 1243 677 1277 interierint.
727 1245 926 1279 Aerumnas
948 1252 1067 1278 tamen
1087 1247 1281 1282 obsidionis
1303 1262 1423 1283 omnes
1449 1251 1615 1285 lubenter
1640 1259 1723 1287 sunt
1751 1255 1845 1299 passi
1871 1261 1908 1287 ct

223 1316 295 1338 non
313 1304 503 1349 transfugit
521 1316 561 1336 ex
580 1316 702 1337 eorum
720 1316 868 1338 numero
889 1306 957 1339 nisi
976 1319 1068 1340 unus
1088 1307 1141 1341 vir
1159 1319 1200 1341 ex
1220 1308 1484 1355 Hedjdjadjitis
1498 1310 1522 1343 b.

274 1365 397 1398 Tsolae
421 1364 564 1397 castello
585 1364 753 1408 imposuit
773 1366 860 1399 dein
876 1367 1013 1400 Pascha
1030 1368 1249 1412 praesidium
1274 1369 1433 1403 validum
1462 1371 1657 1407 Turcarum
1688 1379 1724 1408 et
1749 1387 1905 1409 summae

225 1426 271 1459 ob
290 1426 367 1469 ejus
387 1424 684 1468 expugnationem
702 1425 861 1459 laetitiae
881 1428 1034 1472 plurima
1058 1428 1159 1462 dedit
1179 1429 1382 1474 specimina.
1434 1430 1615 1467 Victoriae
1644 1437 1790 1471 nuntios
1810 1438 1906 1471 misit

228 1485 273 1517 ad
293 1495 414 1518 omnes
444 1487 605 1528 regiones
634 1486 880 1529 praefecturae
914 1501 997 1522 suae
1024 1495 1061 1522 et
1089 1489 1134 1522 ad
1158 1490 1337 1535 principes
1375 1503 1495 1525 omnes
1521 1493 1661 1539 imperii
1691 1496 1906 1533 Otsmanici:

229 1544 339 1589 copiis
359 1556 451 1589 quae
473 1544 569 1578 istud
587 1546 769 1579 castellum
794 1553 862 1580 tam
883 1549 946 1582 diu
968 1550 1270 1584 circumsederunt
1298 1552 1451 1596 plurima
1476 1553 1578 1586 dedit
1604 1567 1770 1596 munera,
1797 1561 1907 1594 omni-

217 1605 293 1638 ‘bus
312 1605 410 1637 auxit
428 1605 664 1649 stipendium,
690 1608 820 1640 multos
838 1609 882 1641 ad
902 1610 1064 1642 altiorem
1083 1611 1201 1644 evexit
1218 1611 1375 1654 gradum.
1426 1612 1603 1647 Vexillum
1629 1627 1796 1662 magnum
1821 1622 1908 1666 erigi

225 1665 333 1710 jussit
351 1677 415 1710 per
439 1666 663 1710 Mustapham
684 1667 705 1699 f.
739 1667 887 1701 Thahiri
912 1681 1017 1714 supra
1046 1671 1191 1703 domum
1218 1671 1423 1704 altissimam
1457 1685 1549 1718 quae
1577 1675 1615 1708 in
1643 1679 1773 1712 montis
1805 1692 1906 1716 cacu-

229 1727 322 1760 mine
341 1732 418 1767 erat
437 1732 634 1764 exstructa,
655 1732 691 1760 et
710 1728 839 1761 iterum
855 1729 1056 1776 iterumque
1076 1731 1245 1775 gaudium
1265 1732 1382 1765 verbis
1403 1733 1627 1778 significavit.
1677 1738 1799 1785 Neque
1820 1741 1907 1776 illud

231 1787 385 1822 faciebat
401 1787 476 1821 sine
496 1799 620 1820 eausa:
648 1793 724 1820 erat
754 1789 850 1822 enim
880 1790 1004 1824 Tsolae
1033 1792 1217 1824 castellum
1236 1792 1273 1825 in
1292 1793 1537 1828 munitissimis
1566 1803 1603 1830 et
1622 1799 1907 1836 celebratissimis

235 1850 344 1883 totius
363 1849 549 1888 Jemanae,
576 1861 693 1895 neque
715 1850 828 1882 ullum
856 1856 932 1884 erat
952 1851 1087 1885 firmius
1114 1852 1193 1890 illo,
1220 1864 1337 1898 neque
1365 1866 1385 1887 a
1414 1854 1621 1892 fortioribus
1649 1859 1848 1895 habitatum
1869 1870 1905 1896 ct

231 1910 492 1944 circumdatum
512 1910 654 1943 familiis
682 1910 926 1955 tribubusque.
977 1912 1166 1958 Nunquam
1192 1913 1289 1947 istud
1320 1921 1482 1960 ereptum
1510 1917 1627 1953 suerat
1654 1922 1794 1965 regibus
1814 1923 1904 1956 Ara-

233 1971 338 2008 bum,
362 1982 481 2015 neque
509 1976 609 2008 ante,
642 1981 710 2003 nec
737 1975 817 2014 post
843 1970 1098 2007 Mohammedis
1127 1978 1304 2020 tempora,
1330 1977 1428 2021 quod
1458 1978 1597 2025 antiqui
1625 1987 1661 2014 et
1687 1984 1904 2020 recentiores

1854 2044 1913 2078 111--

290 2147 303 2164 ²
319 2134 462 2179 »so-2³³
491 2130 560 2185 ᾠω..
726 2146 741 2168 1>
757 2146 872 2202 Gis>
899 2155 974 2198 «ει.
