2055 2865
901 180 1183 214 -10—

206 286 336 333 gloriae
374 279 519 328 gradum
551 277 765 324 adepturum
781 297 791 314 ,
832 273 974 320 qualem
1015 272 1133 308 nullus
1170 270 1462 318 praecedentium
1499 271 1715 307 pascharum
1758 271 1876 310 fuerat

208 351 343 382 nactus.

254 406 332 440 Hoc
351 403 388 437 in
407 412 525 436 rerum
548 396 848 435 statmeonsih'um
863 394 958 440 cepit
974 394 1134 428 Hasanus
1151 392 1409 437 oppugnandae
1439 398 1475 427 et
1500 394 1760 438 recuperandae
1779 394 1878 431 urbis

210 465 364 503 Saadae,
389 474 462 509 qua
489 467 577 496 tune
599 459 735 507 potitus
752 462 830 492 erat
852 454 1035 491 Ahmedes
1059 454 1081 488 f.
1102 453 1249 488 Hoseini
1274 454 1514 499 al-lIoajjedi3
1547 455 1642 500 quod
1661 467 1732 500 quo
1760 456 1878 489 minus

206 526 328 561 statim
357 527 629 569 exsequeretur,
663 519 880 565 prohibuere
907 516 1027 551 variae
1054 526 1196 553 causae,
1222 514 1382 558 inprimis
1407 515 1657 550 nonnullorum
1679 515 1879 560 principun)

208 588 380 622 adversus
398 583 588 630 imperium
604 579 826 616 Sultanicum
842 577 989 612 rebellio
1005 582 1042 610 et
1058 576 1300 620 repugnantia.

259 647 398 682 Primus
417 642 576 677 omnium
595 641 743 675 Sultano
762 640 911 685 ejusque
930 636 1088 672 Paschae
1109 636 1350 670 adversarium
1377 648 1413 670 se
1431 636 1596 682 praebuit
1617 635 1880 673 Mohamrnedes

209 709 232 742 s.
252 706 367 742 Nasiri
383 704 548 750 princeps
567 708 682 737 terrae
710 700 847 746 Djofae.
897 698 958 732 Ab
983 698 1119 731 Imamo
1144 697 1302 736 Hasano,
1336 696 1381 730 ad
1408 699 1511 742 cujus
1537 703 1656 742 partes
1675 699 1878 737 transierat,

209 767 396 802 castellum
414 763 608 799 Dhasarum
628 766 832 806 acceperat,
858 759 981 804 ibique
1002 769 1039 791 se
1064 756 1346 790 inimicissimum
1375 758 1586 791 ostendebat
1613 759 1760 793 Sultano
1787 759 1878 804 ejus-

205 840 277 876 que
297 827 418 867 sociis;
443 825 530 858 licet
547 822 674 856 codem
690 827 848 864 tempore
869 819 995 852 urbem
1009 817 1144 850 Rodam
1162 817 1312 861 ejusque
1331 818 1512 861 regionem
1529 824 1684 857 teneret,
1711 820 1877 865 stipendii

207 891 304 927 loco,
331 894 499 930 tanquam
519 881 721 916 Sultanicus
738 879 892 912 militum
909 876 1120 923 praefectus.
1171 877 1391 921 Simulatque
1413 888 1494 920 ergo
1509 878 1644 910 Pascha
1662 880 1821 912 Hasanus
1844 881 1879 912 in

206 950 390 985 Jemanam
415 944 626 980 advenerat,
653 941 747 974 ultro
777 939 822 972 ad
850 950 933 972 eum
957 937 1098 981 scripsit
1126 936 1389 970 Mohammedes
1411 936 1434 970 f.
1461 937 1593 976 Nasiri,
1614 938 1747 983 jubens
1763 939 1879 979 illum,

208 1016 251 1044 ut
266 1011 409 1042 caveret
428 1004 625 1049 complures
642 1000 834 1046 principes,
860 998 923 1044 qui
952 997 1078 1031 fraude
1104 1002 1141 1030 et
1168 997 1307 1030 fallacia
1329 997 1428 1030 illum
1453 996 1619 1042 decipere
1649 1005 1880 1044 conarentur3

205 1076 319 1114 utque
338 1066 405 1100 sibi
422 1064 530 1098 fidem
548 1063 715 1100 haberet,
739 1059 897 1098 monuit,
924 1057 1096 1097 fidissimo
1114 1058 1209 1091 socio
1229 1063 1266 1091 ct
1285 1057 1319 1091 ei
1340 1057 1569 1096 amicissimo,
1596 1070 1720 1092 verum
1745 1060 1791 1093 ab
1816 1060 1881 1094 ini-

207 1129 310 1164 micis
329 1133 366 1162 et
386 1123 699 1160 calumniatoribus
718 1119 956 1161 circumdat03
984 1120 1114 1165 quibus
1139 1131 1184 1153 ne
1212 1118 1319 1152 fidem
1347 1119 1448 1152 daret
1472 1118 1627 1158 Pascha,
1654 1120 1755 1154 enixe
1784 1132 1881 1166 roga·

208 1191 273 1224 vit.
325 1187 452 1223 Statim
470 1192 557 1220 tunc
574 1184 608 1218 ei
627 1182 860 1228 responderat
877 1181 1038 1214 Hasanus
1056 1179 1218 1225 benignis
1237 1186 1274 1213 et
1300 1180 1421 1213 amieis
1450 1192 1533 1213 usus
1552 1179 1668 1214 verbis
1680 1205 1687 1218 ,
1713 1180 1781 1213 hoc
1796 1192 1882 1219 vero

208 1251 314 1285 simul
333 1249 425 1283 serio
445 1246 646 1293 postulans,
672 1248 714 1278 ut
743 1242 788 1276 ad
808 1253 844 1276 se
864 1241 1023 1279 veniret,
1050 1246 1092 1274 ut
1121 1241 1171 1274 ita
1190 1252 1254 1285 per
1274 1241 1352 1286 ejus
1380 1241 1573 1275 adventum
1602 1241 1791 1274 verborum
1821 1253 1878 1274 ve-

208 1313 295 1346 ritas
315 1313 519 1355 appareret;
545 1305 642 1352 quod
661 1302 807 1350 quidem
828 1313 950 1336 secure
971 1313 1053 1336 eum
1073 1301 1189 1335 facere
1211 1313 1330 1346 posse,
1367 1302 1395 1335 si
1415 1314 1538 1336 revera
1568 1314 1608 1336 ex
1629 1302 1768 1335 asseclis
1789 1307 1882 1336 esset

209 1370 376 1405 fidelihus
405 1366 545 1412 imperii
575 1364 758 1399 Sultaniei.
808 1363 952 1397 Frustra
981 1367 1101 1395 tamen
1129 1362 1289 1395 Hasanus
1319 1374 1401 1396 eum
1429 1368 1712 1408 exspectaveram
1745 1373 1791 1396 ne
1821 1362 1880 1396 Sa-

209 1441 315 1465 naam
335 1427 482 1474 quidem
501 1426 545 1459 ad
566 1436 648 1460 eum
668 1423 818 1458 accessit
837 1421 1116 1459 Mohammedcs,
1143 1422 1205 1455 sed
1225 1422 1423 1456 firmissimo
1444 1428 1480 1456 et
1497 1429 1626 1457 natura
1647 1429 1684 1456 et
1703 1429 1778 1460 arte
1805 1434 1883 1456 mu-

210 1492 287 1525 nito
310 1488 453 1523 castello
473 1485 640 1520 'Dhasaro
670 1496 755 1518 usus
781 1490 836 1518 est
864 1488 905 1517 ut
930 1482 1074 1526 rapinae
1104 1481 1272 1520 latibulo,
1298 1483 1522 1517 itineratores
1552 1489 1588 1516 et
1615 1488 1826 1516 mercatores
1847 1483 1884 1519 id

207 1554 432 1584 transeuntes
453 1546 664 1592 depraedari
679 1545 834 1589 perrexit
855 1549 892 1579 et
907 1555 948 1576 ex
967 1554 1091 1575 eorum
1110 1541 1212 1575 bonis
1241 1542 1386 1576 divitias
1409 1542 1476 1576 sibi
1507 1541 1715 1587 conquirere
1746 1542 1885 1578 studuit

209 1617 248 1645 et
268 1622 372 1655 opeS‚
398 1608 528 1654 quibus
548 1605 747 1651 potentiam
767 1615 866 1637 suam
886 1603 923 1636 in
942 1602 1035 1634 bello
1057 1607 1093 1634 et
1111 1613 1198 1645 paee
1219 1609 1375 1646 augeret.

261 1669 410 1704 Etiamsi
429 1679 511 1711 ergo
532 1667 570 1699 in
581 1671 703 1710 aperto
725 1669 817 1698 esset
829 1674 911 1696 eum
931 1661 1173 1694 obedientiam
1193 1662 1349 1696 Paschae
1368 1663 1544 1707 denegare
1556 1667 1610 1701 et,
1636 1662 1799 1706 neglecto
1819 1663 1883 1696 im-

208 1731 308 1777 perio
330 1728 487 1766 Sultani,
512 1726 656 1772 rapinae
685 1722 845 1770 cupidini
874 1721 1058 1765 indulgere
1087 1728 1197 1767 atque
1226 1722 1410 1758 deflexisse
1431 1723 1476 1756 ad
1506 1723 1632 1756 Imami
1652 1723 1783 1756 Hasani
1803 1735 1882 1768 par-

208 1798 281 1829 tes,
309 1795 429 1824 tamen
450 1789 611 1821 Hasanus
632 1785 768 1820 Pascha
789 1783 1015 1818 excusatione
1038 1794 1121 1815 usus
1143 1789 1197 1816 est
1225 1789 1262 1817 et
1290 1784 1457 1823 lenitate,
1483 1785 1694 1829 monuitque
1715 1795 1814 1823 eum,
1841 1790 1883 1819 ut

210 1856 374 1893 caveret3
401 1847 693 1895 quandoquidem
722 1844 924 1879 istiusmodi
951 1844 1028 1889 ejus
1060 1843 1188 1888 agendi
1208 1844 1298 1878 ratio
1321 1857 1341 1878 a
1362 1857 1398 1879 se
1426 1858 1498 1879 non
1518 1846 1775 1891 negligeretur,
1801 1844 1882 1885 sed,

207 1913 277 1947 nisi
298 1911 525 1956 resipisceret
546 1920 694 1953 eamque
713 1911 890 1943 mutaret,
917 1898 1071 1949 graviter
1090 1904 1288 1949 puniretur.
1339 1906 1473 1941 Harum
1499 1919 1582 1942 vero
1603 1907 1803 1940 litterarum
1822 1905 1881 1940 ille

207 1973 341 2008 nullam
370 1971 498 2004 habuit
527 1969 721 2007 rationem,
761 1968 852 2014 quin
890 1965 1032 2003 eadem,
1070 1976 1177 2010 quam
1207 1966 1379 2010 elegerat,
1416 1967 1473 2001 via
1509 1967 1678 2001 audacter
1713 1967 1764 2001 ire
1802 1979 1881 2013 per·

208 2034 308 2068 rexit.
368 2032 565 2076 Eapropter
595 2029 727 2075 eripuit
758 2029 791 2061 ei
821 2026 959 2061 Pascha
987 2026 1148 2059 Hasanus
1178 2026 1440 2071 praefecturam
1469 2028 1607 2067 Rodae,
1643 2039 1750 2072 quam
1780 2027 1882 2064 dedit

209 2094 350 2128 cuidam
370 2104 412 2126 ex
430 2092 586 2125 militum
607 2088 816 2136 praesectis:
843 2087 942 2133 quod
963 2087 1186 2131 inopinatum
1207 2092 1244 2120 et
1264 2088 1412 2121 maxime
1443 2088 1620 2133 ingratum
1637 2088 1706 2122 suit
1726 2088 1881 2123 Moham·

209 2154 314 2188 medi.
365 2153 577 2198 Speraverat
597 2152 692 2186 enim
711 2162 786 2184 rem
807 2147 881 2182 sore
910 2147 1060 2181 eandem
1078 2148 1171 2181 inter
1191 2160 1228 2181 se
1249 2154 1285 2181 ct
1311 2149 1512 2196 Hasanu1n2
1536 2161 1630 2195 quae
1651 2149 1767 2182 suerat
1786 2150 1879 2186 inter

208 2226 245 2248 se
267 2220 304 2247 et
321 2213 505 2247 Moradum
516 2213 705 2251 Pascham,
733 2211 795 2257 qui
815 2209 934 2244 Rodae
954 2214 1167 2253 proventum
1184 2208 1216 2241 ei
1229 2209 1420 2254 reliquerat
1440 2210 1568 2243 litteris
1589 2215 1624 2243 et
1643 2208 1879 2255 legationibus

210 2275 395 2318 deceptus,
434 2274 522 2307 ⁴Jam
538 2285 622 2307 vero
644 2272 732 2305 alius
752 2271 880 2305 indolis
898 2268 1070 2303 Pascham
1093 2269 1221 2313 adepta
1242 2275 1318 2302 crat
1347 2269 1509 2309 Jemana,
1537 2268 1673 2303 fallacia
1694 2275 1731 2303 et
1759 2281 1878 2303 versu-

208 2336 260 2374 tia
274 2347 348 2375 non
366 2334 468 2372 facile
483 2332 795 2368 circumeundum:
823 2331 920 2380 quod
948 2342 1029 2364 cum
1058 2329 1186 2364 damno
1212 2341 1276 2363 suo
1306 2335 1343 2365 et
1370 2341 1466 2365 nune
1492 2330 1715 2376 aliquatenus
1736 2335 1772 2363 et
1791 2328 1875 2363 dein

1786 2389 1873 2422 mul-
