2055 2865
872 180 1155 215 -11-

169 272 282 311 multo
302 273 442 321 gravius
463 278 627 320 expertus
649 278 702 308 est
722 273 984 308 Mohammedes
1011 274 1032 308 f.
1064 274 1187 309 Nasiri.
1239 274 1433 323 Postquam
1461 275 1556 310 enim
1582 275 1680 310 hunc
1701 274 1842 321 imperii

167 336 342 372 Sultaniei
361 335 601 370 adversarium
617 334 736 369 Rodae
756 334 982 381 praefectura
1006 334 1252 375 abdicaverat,
1279 337 1466 372 constituit
1495 337 1563 372 sibi
1585 337 1747 372 Hasanus
1767 347 1841 382 gra-

165 383 258 432 viter
277 397 403 431 ulcisci
420 397 498 441 ejus
526 396 756 430 rebellionem
779 401 815 429 et
839 395 1044 441 perfidiam,
1071 395 1305 442 decrevitque
1330 396 1422 432 bello
1445 410 1528 432 cum
1556 404 1698 444 petere,
1724 396 1839 432 donee

160 457 310 503 imperio
330 463 477 491 exutum
496 457 563 490 sibi
583 455 806 501 subjecisset.
857 456 963 501 Quod
985 456 1172 490 consilium
1200 462 1242 490 ut
1269 469 1392 491 secure
1412 460 1557 505 exsequi
1576 459 1720 498 liceret,
1746 458 1839 493 nihil

163 517 261 564 prius
280 516 456 563 agendum
476 529 551 551 esse
570 523 668 550 ratus
688 521 761 554 est,
787 528 895 562 quam
925 515 1051 551 foedus
1082 517 1259 550 sancitum
1285 523 1396 557 esset,
1423 518 1468 552 de
1490 521 1592 564 eujus
1613 518 1837 566 compositio-

159 588 206 614 ne
226 590 307 613 cum
336 576 528 611 Izzeddino
554 575 800 611 Mohammede
824 577 944 623 paullo
965 583 1049 611 ante
1071 583 1202 622 egerat.
1252 577 1366 612 Petiit
1394 590 1477 624 ergo
1497 578 1542 612 ab
1568 579 1637 614 hoc
1658 587 1699 614 ut
1730 579 1836 615 Vezi-

161 650 239 672 rum
266 622 568 683 sapientissimum
597 637 882 673 Mohammedem
904 638 925 673 s.
947 639 1080 673 Hasani
1102 639 1123 672 s.
1147 637 1267 673 selahi
1291 639 1479 673 Hamzium
1499 645 1511 663 ³
1539 638 1584 674 ad
1601 651 1638 674 se
1658 641 1832 679 mitteret,

158 709 314 745 quocum
339 698 383 732 de
410 698 562 732 foederis
589 697 854 733 conditionibus
879 700 1055 734 rationem
1084 699 1212 734 iniret:
1240 700 1300 734 cui
1326 699 1505 735 desiderio
1529 700 1650 735 statim
1669 699 1835 736 lubenter

157 759 332 794 satisfecit
347 758 580 798 Izzeddinus,
605 769 727 793 mense
743 759 881 805 Redjch
900 760 1009 806 hujus
1026 761 1110 795 anni
1132 760 1272 804 (mense
1292 760 1457 807 Augusto
1480 761 1604 807 1581).

204 818 373 855 Vezirum
396 820 495 853 hune
524 820 613 854 adeo
650 820 836 865 splendide
866 822 1006 866 excepit
1035 822 1216 861 Hasanus‚
1252 826 1293 856 ut
1321 821 1412 856 nulli
1435 822 1550 867 major
1578 823 1691 858 tribui
1721 826 1833 871 possit

158 883 281 915 honor.
330 881 515 924 Principes
534 886 571 914 et
591 881 763 925 populum
792 881 1001 915 adventanti
1027 882 1169 916 obviam
1198 883 1250 916 ire
1275 882 1403 928 jussit3
1439 884 1611 929 palatium
1641 885 1673 918 ei
1694 887 1834 930 paravit

155 940 399 986 magnificum,
425 941 463 974 in
483 952 555 987 quo
576 953 656 974 cum
678 941 816 975 itineris
834 942 938 975 sociis
960 943 1140 977 habitaret
1160 949 1197 977 et
1221 949 1304 989 post
1333 942 1528 978 adventum
1550 945 1628 991 ejus
1649 945 1686 979 in
1707 947 1833 982 urbem

156 1004 306 1038 Sanaam
328 1002 485 1036 vestibus
497 1000 761 1046 pretiosissimis
781 1001 945 1035 Arabicis
965 1003 1208 1049 Persicisque,
1234 1003 1290 1036 uti
1318 1008 1356 1036 et
1384 1015 1512 1048 magno
1542 1006 1618 1038 auri
1640 1012 1677 1039 et
1696 1011 1833 1052 argenti

155 1063 284 1109 signati
313 1062 470 1107 pondere
495 1073 578 1095 eum
607 1061 829 1107 comitesque
857 1062 935 1106 ejus
960 1062 1119 1097 donavit.
1180 1063 1226 1097 In
1252 1063 1330 1108 ejus
1368 1065 1516 1109 gratiam
1534 1091 1542 1103 ,
1577 1067 1751 1111 quamdiu
1782 1069 1833 1102 ibi

153 1128 389 1158 commoratus
408 1126 481 1161 est,
507 1122 647 1167 saepius
669 1122 855 1168 splendida
887 1124 1026 1168 paravit
1056 1123 1239 1163 convivia,
1267 1123 1311 1157 ad
1340 1137 1434 1170 quae
1463 1127 1617 1165 nemini,
1643 1127 1711 1162 nisi
1731 1128 1833 1163 nobi-

151 1184 253 1218 litate
283 1188 321 1217 et
350 1182 494 1228 ingenio
522 1189 585 1217 aut
609 1183 773 1218 doctrina
797 1184 999 1229 praeclaro,
1036 1183 1206 1218 accedere
1238 1190 1314 1218 crat
1342 1184 1493 1220 licitum.
1552 1173 1705 1234 Insuper
1733 1192 1834 1235 quod

149 1255 334 1290 nunquam
354 1243 494 1277 viderat
513 1244 681 1284 Jemana,
707 1246 745 1278 in
775 1246 855 1290 ejus
882 1245 1053 1279 honorem
1086 1245 1272 1290 publicum
1293 1245 1359 1279 sub
1388 1247 1448 1282 dio
1478 1248 1624 1295 epulum
1652 1255 1751 1284 extra
1772 1252 1831 1286 Sa-

149 1316 253 1340 naam
273 1305 309 1338 in
329 1304 412 1338 villa
430 1304 584 1350 quadam
605 1306 805 1352 apparavit,
832 1307 870 1340 in
890 1318 962 1353 quo
984 1306 1096 1339 omnis
1117 1306 1256 1352 generis
1272 1306 1342 1340 eibi
1359 1313 1460 1344 erant
1480 1309 1631 1356 expositi
1658 1322 1700 1345 ea
1719 1324 1831 1357 quan—

149 1368 273 1406 titate,
309 1372 369 1406 ut,
404 1371 595 1412 postquam
633 1367 825 1406 convivae,
869 1367 1060 1413 quingenti
1099 1379 1268 1406 numero,
1304 1367 1440 1414 epulari
1478 1367 1682 1410 desierant,
1719 1375 1831 1409 omnis

150 1429 285 1463 Sanaae
305 1428 458 1473 populus
481 1427 641 1460 ciborum
661 1427 822 1472 reliquiis
842 1427 1041 1460 satiaretur.

195 1488 325 1522 Finitis
344 1487 443 1519 hisce
463 1486 578 1530 epulis
603 1486 734 1519 iterum
762 1487 924 1520 Hasanus
953 1486 1079 1521 Vesiro
1108 1487 1397 1533 pretiosissimam
1427 1494 1564 1523 vestem
1593 1491 1695 1527 indui
1720 1495 1830 1540 jussit

152 1550 207 1584 uti
237 1547 345 1586 etriis
370 1546 435 1591 qui
462 1556 545 1579 eum
574 1547 855 1586 comitabantur,
892 1547 1125 1592 vestibusque
1154 1547 1295 1581 addidit
1323 1560 1549 1584 nummorum
1579 1564 1742 1598 magnam
1772 1569 1828 1591 co-

151 1604 263 1655 piam,
289 1617 444 1651 eumque
463 1605 515 1638 ita
543 1605 687 1650 publice
716 1606 931 1640 honoratum
960 1618 1053 1651 equo
1083 1606 1253 1652 imposuit
1280 1609 1604 1652 praestantissimo,
1631 1626 1738 1658 quem
1760 1617 1826 1662 ipsi

151 1670 245 1705 dono
265 1667 392 1705 dabat,
413 1670 450 1700 et
470 1665 509 1699 in
528 1664 653 1699 urbem
675 1667 824 1700 Sanaam
845 1672 900 1701 cst
921 1667 1120 1702 comitatus.
1170 1667 1273 1701 Tunc
1294 1679 1378 1701 vero
1398 1680 1479 1702 cum
1500 1669 1560 1703 illo
1590 1673 1662 1716 egit
1686 1674 1732 1710 de
1754 1677 1825 1712 soe-

149 1731 233 1766 dere
247 1727 406 1763 ineundo
425 1726 576 1772 ejusque
596 1727 772 1761 rationem
789 1728 839 1761 ita
861 1734 1156 1774 composuerunt,
1183 1733 1224 1762 ut
1245 1728 1477 1763 arctissimam
1503 1730 1540 1764 in
1561 1731 1654 1767 bello
1675 1741 1712 1769 et
1735 1749 1823 1783 pace

147 1790 294 1826 inierint
312 1788 484 1823 unionem
502 1787 569 1821 sub
585 1787 757 1834 obsequio
777 1789 934 1823 Sultani:
961 1795 1003 1824 ut
1033 1789 1122 1824 adeo
1152 1789 1354 1835 conjunctis
1384 1791 1520 1825 viribus
1545 1793 1742 1842 unicuique
1771 1812 1823 1834 Γρ-

147 1854 332 1890 sisterent,
357 1849 420 1896 qui
439 1848 579 1883 Sultani
593 1848 704 1894 jussis
725 1855 762 1884 et
781 1850 982 1885 interdictis
1008 1854 1240 1896 repugnaret,
1267 1855 1304 1885 et
1323 1852 1508 1897 speciatim
1529 1859 1570 1888 ut
1590 1854 1821 1899 Izzeddinus,

148 1912 291 1961 quando
311 1910 487 1945 exercitus
508 1909 714 1944 Sultanieus
734 1922 771 1945 se
792 1916 1019 1945 converteret
1049 1911 1095 1945 ad
1124 1910 1250 1945 urbem
1277 1911 1426 1947 Saadam
1456 1913 1500 1948 ad
1530 1915 1625 1951 illam
1648 1920 1819 1957 reducem>
1874 1904 1876 1907 v

148 1975 230 2009 dam
248 1972 315 2008 sub
335 1970 476 2007 Sultani
493 1970 697 2016 imperium,
723 1971 821 2006 hunc
842 1972 1031 2017 adjuvaret
1052 1983 1134 2006 cum
1156 1972 1268 2018 copiis
1298 1974 1391 2017 suis;
1417 1972 1585 2022 idemque
1605 1984 1646 2013 ut
1667 1979 1818 2023 faceret,

148 2033 292 2080 quando
316 2034 478 2067 Hasanus
505 2031 600 2065 bello
636 2037 779 2078 peteret
809 2031 1092 2068 Mohammedem
1120 2032 1143 2068 f.
1172 2033 1289 2069 Nasiri
1319 2035 1377 2070 vel
1405 2041 1442 2071 et
1473 2036 1559 2072 alios
1585 2051 1819 2089 quoscunque

149 2095 289 2129 hostes:
315 2099 357 2127 ut
381 2098 505 2126 contra
530 2092 667 2129 Pascha
696 2094 858 2129 Hasanus
884 2093 1077 2130 Izzeddino
1101 2094 1140 2131 in
1165 2106 1254 2142 pace
1280 2096 1414 2133 amicus
1442 2104 1480 2134 et
1509 2098 1546 2135 in
1578 2100 1671 2135 bello
1705 2103 1822 2138 socius

150 2160 244 2191 esset
262 2152 355 2187 fidus
375 2158 413 2187 et
430 2152 578 2198 integer.

156 2224 161 2226 v
202 2212 204 2215 Ι
1756 2225 1820 2261 His

203 2313 910 2387 *ζςὲὲῠῖεδὺοσρῡκτῑ-Οᾼκλφεω.

1149 2414 1224 2450 Β2
