<?xml version="1.0" encoding="UTF-8"?>
<!DOCTYPE html PUBLIC "-//W3C//DTD XHTML 1.0 Transitional//EN"
    "http://www.w3.org/TR/xhtml1/DTD/xhtml1-transitional.dtd">
<html xmlns="http://www.w3.org/1999/xhtml" xml:lang="en" lang="en">
 <head>
  <title>
</title>
<meta http-equiv="Content-Type" content="text/html;charset=utf-8" />
  <meta name='ocr-system' content='tesseract 3.04.00' />
  <meta name='ocr-capabilities' content='ocr_page ocr_carea ocr_par ocr_line ocrx_word'/>
</head>
<body>
  <div class='ocr_page' id='page_1' title='image "./historiajemanaes00ruamuoft/historiajemanaes00ruamuoft_0019.png"; bbox 0 0 2055 2865; ppageno 0'>
   <div class='ocr_carea' id='block_1_1' title="bbox 875 145 1137 182">
    <p class='ocr_par' dir='ltr' id='par_1_1' title="bbox 875 145 1137 182">
     <span class='ocr_line' id='line_1_1' title="bbox 875 145 1137 182; baseline -0.004 -8"><span class='ocrx_word' id='word_1_1' title='bbox 875 145 1137 182; x_wconf 86' lang='lat'>..-.3...</span> 
     </span>
    </p>
   </div>
   <div class='ocr_carea' id='block_1_2' title="bbox 162 235 1842 536">
    <p class='ocr_par' dir='ltr' id='par_1_2' title="bbox 162 235 1842 536">
     <span class='ocr_line' id='line_1_2' title="bbox 164 235 1842 296; baseline -0.012 -8"><span class='ocrx_word' id='word_1_2' title='bbox 164 264 268 291; x_wconf 86' lang='lat' dir='ltr'>mana</span> <span class='ocrx_word' id='word_1_3' title='bbox 293 262 335 286; x_wconf 88' lang='lat' dir='ltr'>eo</span> <span class='ocrx_word' id='word_1_4' title='bbox 363 256 522 296; x_wconf 83' lang='lat' dir='ltr'>tempore</span> <span class='ocrx_word' id='word_1_5' title='bbox 543 244 616 282; x_wconf 78' lang='lat' dir='ltr'>dux</span> <span class='ocrx_word' id='word_1_6' title='bbox 643 254 847 291; x_wconf 85' lang='lat' dir='ltr'>supremus,</span> <span class='ocrx_word' id='word_1_7' title='bbox 874 241 1010 276; x_wconf 82' lang='lat' dir='ltr'>invidia</span> <span class='ocrx_word' id='word_1_8' title='bbox 1034 238 1212 274; x_wconf 89' lang='lat' dir='ltr'>Ezdemiri</span> <span class='ocrx_word' id='word_1_9' title='bbox 1241 237 1390 277; x_wconf 78' lang='lat' dir='ltr'>ductus,</span> <span class='ocrx_word' id='word_1_10' title='bbox 1427 248 1468 271; x_wconf 84' lang='lat' dir='ltr'>ex</span> <span class='ocrx_word' id='word_1_11' title='bbox 1488 241 1666 283; x_wconf 81' lang='lat' dir='ltr'>potestate</span> <span class='ocrx_word' id='word_1_12' title='bbox 1693 246 1756 270; x_wconf 86' lang='lat' dir='ltr'>sua</span> <span class='ocrx_word' id='word_1_13' title='bbox 1792 235 1842 269; x_wconf 82' lang='lat' dir='ltr'>illi</span> 
     </span>
     <span class='ocr_line' id='line_1_3' title="bbox 162 298 1841 364; baseline -0.011 -13"><span class='ocrx_word' id='word_1_14' title='bbox 162 326 286 364; x_wconf 83' lang='lat' dir='ltr'>pacem</span> <span class='ocrx_word' id='word_1_15' title='bbox 303 313 387 348; x_wconf 84' lang='lat' dir='ltr'>satis</span> <span class='ocrx_word' id='word_1_16' title='bbox 405 312 536 346; x_wconf 83' lang='lat' dir='ltr'>laetam</span> <span class='ocrx_word' id='word_1_17' title='bbox 556 308 646 344; x_wconf 85' lang='lat' dir='ltr'>inire</span> <span class='ocrx_word' id='word_1_18' title='bbox 666 305 882 353; x_wconf 79' lang='lat' dir='ltr'><strong>permisisset</strong></span> <span class='ocrx_word' id='word_1_19' title='bbox 902 307 939 335; x_wconf 91' lang='lat' dir='ltr'>ct</span> <span class='ocrx_word' id='word_1_20' title='bbox 965 302 1004 335; x_wconf 91' lang='lat' dir='ltr'>in</span> <span class='ocrx_word' id='word_1_21' title='bbox 1024 301 1163 335; x_wconf 73' lang='lat' dir='ltr'>Sullani</span> <span class='ocrx_word' id='word_1_22' title='bbox 1185 300 1376 336; x_wconf 79' lang='lat' dir='ltr'>amicitiam</span> <span class='ocrx_word' id='word_1_23' title='bbox 1394 305 1429 335; x_wconf 83' lang='lat' dir='ltr'>et</span> <span class='ocrx_word' id='word_1_24' title='bbox 1455 299 1663 332; x_wconf 84' lang='lat' dir='ltr'>societatem</span> <span class='ocrx_word' id='word_1_25' title='bbox 1693 298 1841 332; x_wconf 81' lang='lat' dir='ltr'>transire</span> 
     </span>
     <span class='ocr_line' id='line_1_4' title="bbox 164 359 1841 413; baseline -0.012 -1"><span class='ocrx_word' id='word_1_26' title='bbox 164 377 314 413; x_wconf 79' lang='lat' dir='ltr'>sivisset.</span> <span class='ocrx_word' id='word_1_27' title='bbox 365 374 436 407; x_wconf 81' lang='lat' dir='ltr'>Nec</span> <span class='ocrx_word' id='word_1_28' title='bbox 464 379 582 406; x_wconf 82' lang='lat' dir='ltr'>tamen</span> <span class='ocrx_word' id='word_1_29' title='bbox 604 370 689 403; x_wconf 90' lang='lat' dir='ltr'>dein</span> <span class='ocrx_word' id='word_1_30' title='bbox 707 365 848 413; x_wconf 79' lang='lat' dir='ltr'>quievit</span> <span class='ocrx_word' id='word_1_31' title='bbox 878 362 1156 403; x_wconf 78' lang='lat' dir='ltr'>Motliahherus3</span> <span class='ocrx_word' id='word_1_32' title='bbox 1193 361 1255 394; x_wconf 90' lang='lat' dir='ltr'>sed</span> <span class='ocrx_word' id='word_1_33' title='bbox 1285 373 1377 394; x_wconf 87' lang='lat' dir='ltr'>anno</span> <span class='ocrx_word' id='word_1_34' title='bbox 1404 359 1476 396; x_wconf 75' lang='lat'>974</span> <span class='ocrx_word' id='word_1_35' title='bbox 1496 359 1658 402; x_wconf 79' lang='lat'>(1566-</span> <span class='ocrx_word' id='word_1_36' title='bbox 1675 360 1718 403; x_wconf 90' lang='grc'>7)</span> <span class='ocrx_word' id='word_1_37' title='bbox 1741 372 1841 394; x_wconf 40' lang='lat' dir='ltr'>occa*</span> 
     </span>
     <span class='ocr_line' id='line_1_5' title="bbox 163 422 1841 482; baseline -0.014 -8"><span class='ocrx_word' id='word_1_38' title='bbox 163 440 299 475; x_wconf 86' lang='lat' dir='ltr'>sionem</span> <span class='ocrx_word' id='word_1_39' title='bbox 313 436 472 482; x_wconf 84' lang='lat' dir='ltr'>pulcram</span> <span class='ocrx_word' id='word_1_40' title='bbox 491 439 587 466; x_wconf 85' lang='lat' dir='ltr'>ratus</span> <span class='ocrx_word' id='word_1_41' title='bbox 605 437 642 464; x_wconf 88' lang='lat' dir='ltr'>et</span> <span class='ocrx_word' id='word_1_42' title='bbox 659 428 803 472; x_wconf 79' lang='lat' dir='ltr'>adjutus</span> <span class='ocrx_word' id='word_1_43' title='bbox 824 424 869 457; x_wconf 86' lang='lat' dir='ltr'>ab</span> <span class='ocrx_word' id='word_1_44' title='bbox 886 423 1046 458; x_wconf 83' lang='lat' dir='ltr'><strong>Arabum</strong></span> <span class='ocrx_word' id='word_1_45' title='bbox 1064 422 1286 468; x_wconf 84' lang='lat' dir='ltr'>principibus</span> <span class='ocrx_word' id='word_1_46' title='bbox 1314 423 1494 468; x_wconf 76' lang='lat' dir='ltr'>plerisque</span> <span class='ocrx_word' id='word_1_47' title='bbox 1521 422 1653 456; x_wconf 82' lang='lat' dir='ltr'>Turcas</span> <span class='ocrx_word' id='word_1_48' title='bbox 1672 422 1766 457; x_wconf 79' lang='lat' dir='ltr'>bello</span> <span class='ocrx_word' id='word_1_49' title='bbox 1781 434 1841 468; x_wconf 82' lang='lat' dir='ltr'>pe-</span> 
     </span>
     <span class='ocr_line' id='line_1_6' title="bbox 163 483 1230 536; baseline -0.019 -1"><span class='ocrx_word' id='word_1_50' title='bbox 163 501 248 536; x_wconf 76' lang='lat' dir='ltr'>tivit</span> <span class='ocrx_word' id='word_1_51' title='bbox 266 505 303 532; x_wconf 83' lang='lat' dir='ltr'>et</span> <span class='ocrx_word' id='word_1_52' title='bbox 319 496 418 530; x_wconf 86' lang='lat' dir='ltr'>brevi</span> <span class='ocrx_word' id='word_1_53' title='bbox 438 493 624 527; x_wconf 76' lang='lat' dir='ltr'>maximam</span> <span class='ocrx_word' id='word_1_54' title='bbox 643 490 811 523; x_wconf 84' lang='lat' dir='ltr'>Jemanae</span> <span class='ocrx_word' id='word_1_55' title='bbox 825 491 963 532; x_wconf 87' lang='lat' dir='ltr'>partem</span> <span class='ocrx_word' id='word_1_56' title='bbox 976 484 1044 518; x_wconf 87' lang='lat' dir='ltr'>sibi</span> <span class='ocrx_word' id='word_1_57' title='bbox 1065 483 1230 528; x_wconf 75' lang='lat' dir='ltr'>subjecit.</span> 
     </span>
    </p>
   </div>
   <div class='ocr_carea' id='block_1_3' title="bbox 159 545 1851 2135">
    <p class='ocr_par' dir='ltr' id='par_1_3' title="bbox 161 545 1844 1022">
     <span class='ocr_line' id='line_1_7' title="bbox 213 545 1840 598; baseline -0.008 -4"><span class='ocrx_word' id='word_1_58' title='bbox 213 561 304 595; x_wconf 88' lang='lat' dir='ltr'>Inde</span> <span class='ocrx_word' id='word_1_59' title='bbox 330 559 459 590; x_wconf 89' lang='lat' dir='ltr'>iterum</span> <span class='ocrx_word' id='word_1_60' title='bbox 480 563 642 598; x_wconf 80' lang='lat' dir='ltr'>magnam</span> <span class='ocrx_word' id='word_1_61' title='bbox 661 556 799 596; x_wconf 85' lang='lat' dir='ltr'>partem</span> <span class='ocrx_word' id='word_1_62' title='bbox 814 549 951 593; x_wconf 86' lang='lat' dir='ltr'>ejectus</span> <span class='ocrx_word' id='word_1_63' title='bbox 968 552 1023 580; x_wconf 78' lang='lat' dir='ltr'>est</span> <span class='ocrx_word' id='word_1_64' title='bbox 1049 557 1069 579; x_wconf 86' lang='lat' dir='ltr'>a</span> <span class='ocrx_word' id='word_1_65' title='bbox 1094 545 1224 579; x_wconf 82' lang='lat' dir='ltr'>Sinano</span> <span class='ocrx_word' id='word_1_66' title='bbox 1244 549 1256 566; x_wconf 74' lang='lat'>³</span> <span class='ocrx_word' id='word_1_67' title='bbox 1275 569 1282 582; x_wconf 85' lang='lat'><strong>,</strong></span> <span class='ocrx_word' id='word_1_68' title='bbox 1307 548 1391 576; x_wconf 80' lang='lat' dir='ltr'>tunc</span> <span class='ocrx_word' id='word_1_69' title='bbox 1414 545 1579 588; x_wconf 84' lang='lat' dir='ltr'>temporis</span> <span class='ocrx_word' id='word_1_70' title='bbox 1602 545 1755 580; x_wconf 81' lang='lat' dir='ltr'>Kahirae</span> <span class='ocrx_word' id='word_1_71' title='bbox 1776 547 1840 581; x_wconf 83' lang='lat' dir='ltr'>Pa-</span> 
     </span>
     <span class='ocr_line' id='line_1_8' title="bbox 163 604 1842 659; baseline -0.007 -5"><span class='ocrx_word' id='word_1_72' title='bbox 163 621 261 658; x_wconf 83' lang='lat' dir='ltr'>scha,</span> <span class='ocrx_word' id='word_1_73' title='bbox 297 617 382 652; x_wconf 86' lang='lat' dir='ltr'>dein</span> <span class='ocrx_word' id='word_1_74' title='bbox 410 615 535 650; x_wconf 84' lang='lat' dir='ltr'>Vesiro</span> <span class='ocrx_word' id='word_1_75' title='bbox 562 613 703 659; x_wconf 89' lang='lat' dir='ltr'>imperii</span> <span class='ocrx_word' id='word_1_76' title='bbox 729 608 946 647; x_wconf 84' lang='lat' dir='ltr'>Otsmanici,</span> <span class='ocrx_word' id='word_1_77' title='bbox 972 618 1081 653; x_wconf 87' lang='lat' dir='ltr'>quem</span> <span class='ocrx_word' id='word_1_78' title='bbox 1106 607 1273 641; x_wconf 82' lang='lat' dir='ltr'>Sultanus</span> <span class='ocrx_word' id='word_1_79' title='bbox 1297 606 1341 638; x_wconf 83' lang='lat' dir='ltr'>ad</span> <span class='ocrx_word' id='word_1_80' title='bbox 1371 605 1407 637; x_wconf 84' lang='lat' dir='ltr'>id</span> <span class='ocrx_word' id='word_1_81' title='bbox 1432 604 1565 638; x_wconf 78' lang='lat' dir='ltr'>benum</span> <span class='ocrx_word' id='word_1_82' title='bbox 1594 606 1632 639; x_wconf 88' lang='lat' dir='ltr'>in</span> <span class='ocrx_word' id='word_1_83' title='bbox 1660 608 1842 642; x_wconf 79' lang='lat' dir='ltr'>Jeinanam</span> 
     </span>
     <span class='ocr_line' id='line_1_9' title="bbox 162 666 1842 719; baseline -0.007 -4"><span class='ocrx_word' id='word_1_84' title='bbox 162 682 307 718; x_wconf 83' lang='lat' dir='ltr'>miserat</span> <span class='ocrx_word' id='word_1_85' title='bbox 323 689 416 712; x_wconf 87' lang='lat' dir='ltr'>anno</span> <span class='ocrx_word' id='word_1_86' title='bbox 432 675 503 712; x_wconf 83' lang='lat'>976</span> <span class='ocrx_word' id='word_1_87' title='bbox 524 675 668 719; x_wconf 79' lang='lat'>(1569).</span> <span class='ocrx_word' id='word_1_88' title='bbox 718 672 875 711; x_wconf 85' lang='lat' dir='ltr'>Plurima</span> <span class='ocrx_word' id='word_1_89' title='bbox 892 670 952 704; x_wconf 83' lang='lat' dir='ltr'>hic</span> <span class='ocrx_word' id='word_1_90' title='bbox 973 669 1116 703; x_wconf 82' lang='lat' dir='ltr'>castella</span> <span class='ocrx_word' id='word_1_91' title='bbox 1141 668 1291 712; x_wconf 86' lang='lat' dir='ltr'>locaque</span> <span class='ocrx_word' id='word_1_92' title='bbox 1312 666 1450 699; x_wconf 78' lang='lat' dir='ltr'>munita</span> <span class='ocrx_word' id='word_1_93' title='bbox 1468 666 1512 699; x_wconf 85' lang='lat' dir='ltr'>ad</span> <span class='ocrx_word' id='word_1_94' title='bbox 1533 672 1692 700; x_wconf 84' lang='lat' dir='ltr'>austrum</span> <span class='ocrx_word' id='word_1_95' title='bbox 1709 669 1842 703; x_wconf 84' lang='lat' dir='ltr'>Sanaae</span> 
     </span>
     <span class='ocr_line' id='line_1_10' title="bbox 161 728 1843 787; baseline -0.008 -10"><span class='ocrx_word' id='word_1_96' title='bbox 161 744 231 778; x_wconf 86' lang='lat' dir='ltr'>sita</span> <span class='ocrx_word' id='word_1_97' title='bbox 254 738 487 787; x_wconf 76' lang='lat' dir='ltr'>expugnavit,</span> <span class='ocrx_word' id='word_1_98' title='bbox 515 749 656 771; x_wconf 84' lang='lat' dir='ltr'>omnem</span> <span class='ocrx_word' id='word_1_99' title='bbox 680 747 758 769; x_wconf 83' lang='lat' dir='ltr'>eam</span> <span class='ocrx_word' id='word_1_100' title='bbox 783 733 965 778; x_wconf 81' lang='lat' dir='ltr'>regionem</span> <span class='ocrx_word' id='word_1_101' title='bbox 994 731 1107 776; x_wconf 86' lang='lat' dir='ltr'>cepit,</span> <span class='ocrx_word' id='word_1_102' title='bbox 1144 728 1493 773; x_wconf 82' lang='lat' dir='ltr'>Mothahhcrumque</span> <span class='ocrx_word' id='word_1_103' title='bbox 1524 734 1603 773; x_wconf 80' lang='lat' dir='ltr'>post</span> <span class='ocrx_word' id='word_1_104' title='bbox 1623 728 1843 763; x_wconf 82' lang='lat' dir='ltr'>deditionem</span> 
     </span>
     <span class='ocr_line' id='line_1_11' title="bbox 162 789 1844 841; baseline -0.014 -1"><span class='ocrx_word' id='word_1_105' title='bbox 162 803 347 841; x_wconf 82' lang='lat' dir='ltr'>Izzeddini</span> <span class='ocrx_word' id='word_1_106' title='bbox 364 799 620 835; x_wconf 80' lang='lat' dir='ltr'>Mohammedis</span> <span class='ocrx_word' id='word_1_107' title='bbox 641 797 664 831; x_wconf 85' lang='lat' dir='ltr'>f.</span> <span class='ocrx_word' id='word_1_108' title='bbox 684 793 956 831; x_wconf 82' lang='lat' dir='ltr'>Schainseddini</span> <span class='ocrx_word' id='word_1_109' title='bbox 983 791 1154 837; x_wconf 80' lang='lat' dir='ltr'>principis</span> <span class='ocrx_word' id='word_1_110' title='bbox 1173 789 1376 824; x_wconf 75' lang='lat' dir='ltr'>Caucabani</span> <span class='ocrx_word' id='word_1_111' title='bbox 1396 789 1411 811; x_wconf 81' lang='lat' dir='ltr'>b</span> <span class='ocrx_word' id='word_1_112' title='bbox 1429 815 1437 828; x_wconf 93' lang='lat'>‚</span> <span class='ocrx_word' id='word_1_113' title='bbox 1465 790 1582 835; x_wconf 77' lang='lat' dir='ltr'>coegit</span> <span class='ocrx_word' id='word_1_114' title='bbox 1610 801 1734 834; x_wconf 73' lang='lat' dir='ltr'>pacem</span> <span class='ocrx_word' id='word_1_115' title='bbox 1754 791 1844 824; x_wconf 67' lang='lat' dir='ltr'>inire</span> 
     </span>
     <span class='ocr_line' id='line_1_12' title="bbox 161 851 1843 901; baseline -0.008 -2"><span class='ocrx_word' id='word_1_116' title='bbox 161 865 218 901; x_wconf 87' lang='lat' dir='ltr'>his</span> <span class='ocrx_word' id='word_1_117' title='bbox 240 861 525 898; x_wconf 82' lang='lat' dir='ltr'>conditionibus:</span> <span class='ocrx_word' id='word_1_118' title='bbox 553 865 594 893; x_wconf 89' lang='lat' dir='ltr'>ut</span> <span class='ocrx_word' id='word_1_119' title='bbox 620 857 759 892; x_wconf 85' lang='lat' dir='ltr'>Sultani</span> <span class='ocrx_word' id='word_1_120' title='bbox 787 855 931 888; x_wconf 83' lang='lat' dir='ltr'>nominc</span> <span class='ocrx_word' id='word_1_121' title='bbox 961 854 1048 887; x_wconf 85' lang='lat' dir='ltr'>dein</span> <span class='ocrx_word' id='word_1_122' title='bbox 1071 852 1262 886; x_wconf 79' lang='lat' dir='ltr'>cuderetur</span> <span class='ocrx_word' id='word_1_123' title='bbox 1289 855 1432 882; x_wconf 82' lang='lat' dir='ltr'>moneta</span> <span class='ocrx_word' id='word_1_124' title='bbox 1458 856 1494 884; x_wconf 88' lang='lat' dir='ltr'>ct</span> <span class='ocrx_word' id='word_1_125' title='bbox 1511 851 1664 884; x_wconf 88' lang='lat' dir='ltr'>solennis</span> <span class='ocrx_word' id='word_1_126' title='bbox 1685 854 1843 896; x_wconf 84' lang='lat' dir='ltr'>precatio</span> 
     </span>
     <span class='ocr_line' id='line_1_13' title="bbox 164 911 1843 972; baseline -0.007 -12"><span class='ocrx_word' id='word_1_127' title='bbox 164 929 409 972; x_wconf 80' lang='lat' dir='ltr'>perageretur3</span> <span class='ocrx_word' id='word_1_128' title='bbox 435 926 477 955; x_wconf 91' lang='lat' dir='ltr'>ut</span> <span class='ocrx_word' id='word_1_129' title='bbox 498 931 602 965; x_wconf 90' lang='lat' dir='ltr'>porro</span> <span class='ocrx_word' id='word_1_130' title='bbox 632 919 669 952; x_wconf 91' lang='lat' dir='ltr'>in</span> <span class='ocrx_word' id='word_1_131' title='bbox 700 918 907 951; x_wconf 86' lang='lat' dir='ltr'>universum</span> <span class='ocrx_word' id='word_1_132' title='bbox 934 915 1073 949; x_wconf 80' lang='lat' dir='ltr'>Sultani</span> <span class='ocrx_word' id='word_1_133' title='bbox 1101 918 1310 958; x_wconf 84' lang='lat' dir='ltr'>agnosceret</span> <span class='ocrx_word' id='word_1_134' title='bbox 1339 911 1590 945; x_wconf 71' lang='lat' dir='ltr'>auctoritatem</span> <span class='ocrx_word' id='word_1_135' title='bbox 1609 924 1726 959; x_wconf 86' lang='lat' dir='ltr'>neque</span> <span class='ocrx_word' id='word_1_136' title='bbox 1748 914 1843 948; x_wconf 84' lang='lat' dir='ltr'>illius</span> 
     </span>
     <span class='ocr_line' id='line_1_14' title="bbox 164 975 1222 1022; baseline -0.016 0"><span class='ocrx_word' id='word_1_137' title='bbox 164 988 202 1022; x_wconf 84' lang='lat' dir='ltr'>in</span> <span class='ocrx_word' id='word_1_138' title='bbox 219 987 367 1020; x_wconf 85' lang='lat' dir='ltr'>Jemana</span> <span class='ocrx_word' id='word_1_139' title='bbox 383 981 593 1017; x_wconf 80' lang='lat' dir='ltr'>adversariis</span> <span class='ocrx_word' id='word_1_140' title='bbox 612 980 773 1012; x_wconf 82' lang='lat' dir='ltr'>mitteret</span> <span class='ocrx_word' id='word_1_141' title='bbox 793 978 923 1010; x_wconf 78' lang='lat' dir='ltr'>auxilia</span> <span class='ocrx_word' id='word_1_142' title='bbox 943 981 1005 1008; x_wconf 84' lang='lat' dir='ltr'>aut</span> <span class='ocrx_word' id='word_1_143' title='bbox 1023 975 1222 1020; x_wconf 84' lang='lat' dir='ltr'>pecuniam.</span> 
     </span>
    </p>

    <p class='ocr_par' dir='ltr' id='par_1_4' title="bbox 159 1032 1845 1343">
     <span class='ocr_line' id='line_1_15' title="bbox 212 1032 1843 1092; baseline -0.006 -12"><span class='ocrx_word' id='word_1_144' title='bbox 212 1047 383 1092; x_wconf 87' lang='lat' dir='ltr'>Subjecta</span> <span class='ocrx_word' id='word_1_145' title='bbox 402 1044 486 1077; x_wconf 84' lang='lat' dir='ltr'>dein</span> <span class='ocrx_word' id='word_1_146' title='bbox 505 1046 567 1075; x_wconf 80' lang='lat' dir='ltr'>aut</span> <span class='ocrx_word' id='word_1_147' title='bbox 587 1040 682 1074; x_wconf 88' lang='lat' dir='ltr'>socia</span> <span class='ocrx_word' id='word_1_148' title='bbox 698 1038 829 1072; x_wconf 88' lang='lat' dir='ltr'>mansit</span> <span class='ocrx_word' id='word_1_149' title='bbox 847 1037 1013 1075; x_wconf 83' lang='lat' dir='ltr'>Jemana,</span> <span class='ocrx_word' id='word_1_150' title='bbox 1039 1035 1212 1081; x_wconf 84' lang='lat' dir='ltr'>quamdiu</span> <span class='ocrx_word' id='word_1_151' title='bbox 1231 1032 1426 1066; x_wconf 88' lang='lat' dir='ltr'>Bchramus</span> <span class='ocrx_word' id='word_1_152' title='bbox 1450 1032 1587 1065; x_wconf 84' lang='lat' dir='ltr'>Pascha</span> <span class='ocrx_word' id='word_1_153' title='bbox 1601 1039 1615 1056; x_wconf 91' lang='lat' dir='ltr'>c</span> <span class='ocrx_word' id='word_1_154' title='bbox 1632 1059 1639 1072; x_wconf 94' lang='lat'><em>‚</em></span> <span class='ocrx_word' id='word_1_155' title='bbox 1667 1036 1725 1069; x_wconf 90' lang='lat' dir='ltr'>cui</span> <span class='ocrx_word' id='word_1_156' title='bbox 1745 1037 1843 1072; x_wconf 80' lang='lat' dir='ltr'>Sina·</span> 
     </span>
     <span class='ocr_line' id='line_1_16' title="bbox 165 1093 1844 1152; baseline -0.007 -9"><span class='ocrx_word' id='word_1_157' title='bbox 165 1122 232 1147; x_wconf 85' lang='lat' dir='ltr'>nus</span> <span class='ocrx_word' id='word_1_158' title='bbox 249 1106 437 1152; x_wconf 89' lang='lat' dir='ltr'>imperium</span> <span class='ocrx_word' id='word_1_159' title='bbox 458 1102 670 1141; x_wconf 85' lang='lat' dir='ltr'>tradiderat,</span> <span class='ocrx_word' id='word_1_160' title='bbox 705 1112 782 1135; x_wconf 88' lang='lat' dir='ltr'>eam</span> <span class='ocrx_word' id='word_1_161' title='bbox 808 1098 954 1133; x_wconf 80' lang='lat' dir='ltr'>tenebat</span> <span class='ocrx_word' id='word_1_162' title='bbox 982 1096 1221 1143; x_wconf 75' lang='lat' dir='ltr'>provinciam3</span> <span class='ocrx_word' id='word_1_163' title='bbox 1257 1093 1550 1140; x_wconf 79' lang='lat' dir='ltr'>quandoquidem</span> <span class='ocrx_word' id='word_1_164' title='bbox 1589 1100 1755 1131; x_wconf 85' lang='lat' dir='ltr'>strenuus</span> <span class='ocrx_word' id='word_1_165' title='bbox 1785 1099 1844 1132; x_wconf 87' lang='lat' dir='ltr'>ille</span> 
     </span>
     <span class='ocr_line' id='line_1_17' title="bbox 166 1155 1843 1207; baseline -0.007 -2"><span class='ocrx_word' id='word_1_166' title='bbox 166 1172 236 1207; x_wconf 79' lang='lat' dir='ltr'>dux</span> <span class='ocrx_word' id='word_1_167' title='bbox 254 1180 328 1204; x_wconf 89' lang='lat' dir='ltr'>non</span> <span class='ocrx_word' id='word_1_168' title='bbox 354 1172 494 1200; x_wconf 85' lang='lat' dir='ltr'>tantum</span> <span class='ocrx_word' id='word_1_169' title='bbox 517 1169 636 1202; x_wconf 83' lang='lat' dir='ltr'>metu,</span> <span class='ocrx_word' id='word_1_170' title='bbox 663 1162 725 1197; x_wconf 83' lang='lat' dir='ltr'>sed</span> <span class='ocrx_word' id='word_1_171' title='bbox 746 1167 783 1195; x_wconf 83' lang='lat' dir='ltr'>et</span> <span class='ocrx_word' id='word_1_172' title='bbox 802 1161 902 1206; x_wconf 87' lang='lat' dir='ltr'>justo</span> <span class='ocrx_word' id='word_1_173' title='bbox 928 1158 1100 1204; x_wconf 79' lang='lat' dir='ltr'>regimine</span> <span class='ocrx_word' id='word_1_174' title='bbox 1126 1168 1203 1190; x_wconf 85' lang='lat' dir='ltr'>eam</span> <span class='ocrx_word' id='word_1_175' title='bbox 1230 1157 1440 1190; x_wconf 80' lang='lat' dir='ltr'>contineret.</span> <span class='ocrx_word' id='word_1_176' title='bbox 1490 1155 1730 1201; x_wconf 83' lang='lat' dir='ltr'>Recuperavit</span> <span class='ocrx_word' id='word_1_177' title='bbox 1747 1158 1843 1193; x_wconf 87' lang='lat' dir='ltr'>idem</span> 
     </span>
     <span class='ocr_line' id='line_1_18' title="bbox 164 1217 1845 1269; baseline -0.011 0"><span class='ocrx_word' id='word_1_178' title='bbox 164 1241 285 1269; x_wconf 85' lang='lat' dir='ltr'>omnes</span> <span class='ocrx_word' id='word_1_179' title='bbox 314 1240 411 1265; x_wconf 83' lang='lat' dir='ltr'>arces</span> <span class='ocrx_word' id='word_1_180' title='bbox 433 1227 478 1261; x_wconf 89' lang='lat' dir='ltr'>ad</span> <span class='ocrx_word' id='word_1_181' title='bbox 502 1224 690 1260; x_wconf 82' lang='lat' dir='ltr'>meridiem</span> <span class='ocrx_word' id='word_1_182' title='bbox 709 1225 846 1261; x_wconf 83' lang='lat' dir='ltr'>Sanaac</span> <span class='ocrx_word' id='word_1_183' title='bbox 871 1222 974 1261; x_wconf 84' lang='lat' dir='ltr'>sitas,</span> <span class='ocrx_word' id='word_1_184' title='bbox 1001 1231 1090 1268; x_wconf 85' lang='lat' dir='ltr'>quas</span> <span class='ocrx_word' id='word_1_185' title='bbox 1120 1219 1272 1253; x_wconf 86' lang='lat' dir='ltr'>Sinanus</span> <span class='ocrx_word' id='word_1_186' title='bbox 1297 1218 1342 1253; x_wconf 91' lang='lat' dir='ltr'>ob</span> <span class='ocrx_word' id='word_1_187' title='bbox 1370 1217 1537 1263; x_wconf 87' lang='lat' dir='ltr'>temporis</span> <span class='ocrx_word' id='word_1_188' title='bbox 1560 1219 1760 1262; x_wconf 82' lang='lat' dir='ltr'>angustiam</span> <span class='ocrx_word' id='word_1_189' title='bbox 1788 1233 1845 1255; x_wconf 77' lang='lat' dir='ltr'>ex.</span> 
     </span>
     <span class='ocr_line' id='line_1_19' title="bbox 159 1291 557 1343; baseline -0.02 -12"><span class='ocrx_word' id='word_1_190' title='bbox 159 1305 316 1343; x_wconf 88' lang='lat' dir='ltr'>pugnare</span> <span class='ocrx_word' id='word_1_191' title='bbox 335 1291 557 1338; x_wconf 86' lang='lat' dir='ltr'>nequiverat.</span> 
     </span>
    </p>

    <p class='ocr_par' dir='ltr' id='par_1_5' title="bbox 161 1342 1851 2135">
     <span class='ocr_line' id='line_1_20' title="bbox 210 1342 1845 1393; baseline -0.007 -3"><span class='ocrx_word' id='word_1_192' title='bbox 210 1357 278 1393; x_wconf 81' lang='lat' dir='ltr'>Vix</span> <span class='ocrx_word' id='word_1_193' title='bbox 308 1361 427 1390; x_wconf 85' lang='lat' dir='ltr'>tamen</span> <span class='ocrx_word' id='word_1_194' title='bbox 452 1352 637 1387; x_wconf 84' lang='lat' dir='ltr'>Moradum</span> <span class='ocrx_word' id='word_1_195' title='bbox 665 1349 839 1386; x_wconf 88' lang='lat' dir='ltr'>Paseham</span> <span class='ocrx_word' id='word_1_196' title='bbox 857 1347 871 1371; x_wconf 79' lang='lat' dir='ltr'><strong>d</strong></span> <span class='ocrx_word' id='word_1_197' title='bbox 906 1351 1093 1392; x_wconf 89' lang='lat' dir='ltr'>acceperat</span> <span class='ocrx_word' id='word_1_198' title='bbox 1124 1344 1271 1379; x_wconf 84' lang='lat' dir='ltr'>Jemana</span> <span class='ocrx_word' id='word_1_199' title='bbox 1300 1342 1522 1390; x_wconf 83' lang='lat' dir='ltr'>praesectum</span> <span class='ocrx_word' id='word_1_200' title='bbox 1539 1369 1546 1382; x_wconf 91' lang='lat'>,</span> <span class='ocrx_word' id='word_1_201' title='bbox 1582 1342 1671 1388; x_wconf 87' lang='lat' dir='ltr'>quin</span> <span class='ocrx_word' id='word_1_202' title='bbox 1698 1343 1845 1378; x_wconf 86' lang='lat' dir='ltr'>rebellio</span> 
     </span>
     <span class='ocr_line' id='line_1_21' title="bbox 163 1404 1849 1465; baseline -0.009 -11"><span class='ocrx_word' id='word_1_203' title='bbox 163 1424 225 1457; x_wconf 83' lang='lat' dir='ltr'>aut</span> <span class='ocrx_word' id='word_1_204' title='bbox 239 1417 360 1465; x_wconf 88' lang='lat' dir='ltr'>potius</span> <span class='ocrx_word' id='word_1_205' title='bbox 379 1406 528 1461; x_wconf 84' lang='lat' dir='ltr'>imperio</span> <span class='ocrx_word' id='word_1_206' title='bbox 545 1415 683 1459; x_wconf 86' lang='lat' dir='ltr'>ingrato</span> <span class='ocrx_word' id='word_1_207' title='bbox 705 1424 740 1445; x_wconf 90' lang='lat' dir='ltr'>se</span> <span class='ocrx_word' id='word_1_208' title='bbox 767 1409 982 1445; x_wconf 81' lang='lat' dir='ltr'>detrahendi</span> <span class='ocrx_word' id='word_1_209' title='bbox 1012 1407 1142 1452; x_wconf 87' lang='lat' dir='ltr'>cupido</span> <span class='ocrx_word' id='word_1_210' title='bbox 1168 1407 1304 1451; x_wconf 88' lang='lat' dir='ltr'>ubique</span> <span class='ocrx_word' id='word_1_211' title='bbox 1327 1417 1363 1439; x_wconf 88' lang='lat' dir='ltr'>se</span> <span class='ocrx_word' id='word_1_212' title='bbox 1385 1404 1598 1441; x_wconf 80' lang='lat' dir='ltr'>ostenderit,</span> <span class='ocrx_word' id='word_1_213' title='bbox 1626 1404 1685 1438; x_wconf 90' lang='lat' dir='ltr'>cui</span> <span class='ocrx_word' id='word_1_214' title='bbox 1706 1405 1849 1449; x_wconf 84' lang='lat' dir='ltr'>ignavia</span> 
     </span>
     <span class='ocr_line' id='line_1_22' title="bbox 163 1465 1851 1518; baseline -0.007 -4"><span class='ocrx_word' id='word_1_215' title='bbox 163 1485 201 1515; x_wconf 84' lang='lat' dir='ltr'>et</span> <span class='ocrx_word' id='word_1_216' title='bbox 220 1477 445 1512; x_wconf 86' lang='lat' dir='ltr'>imbecillitas</span> <span class='ocrx_word' id='word_1_217' title='bbox 464 1475 573 1518; x_wconf 89' lang='lat' dir='ltr'>hujus</span> <span class='ocrx_word' id='word_1_218' title='bbox 594 1472 751 1507; x_wconf 84' lang='lat' dir='ltr'>Paschae</span> <span class='ocrx_word' id='word_1_219' title='bbox 773 1471 830 1505; x_wconf 78' lang='lat' dir='ltr'>vix</span> <span class='ocrx_word' id='word_1_220' title='bbox 854 1469 1005 1506; x_wconf 85' lang='lat' dir='ltr'>restitit,</span> <span class='ocrx_word' id='word_1_221' title='bbox 1032 1480 1076 1502; x_wconf 87' lang='lat' dir='ltr'>ne</span> <span class='ocrx_word' id='word_1_222' title='bbox 1099 1468 1184 1500; x_wconf 89' lang='lat' dir='ltr'>dum</span> <span class='ocrx_word' id='word_1_223' title='bbox 1210 1467 1306 1500; x_wconf 86' lang='lat' dir='ltr'>illam</span> <span class='ocrx_word' id='word_1_224' title='bbox 1334 1465 1569 1510; x_wconf 82' lang='lat' dir='ltr'>repressisset.</span> <span class='ocrx_word' id='word_1_225' title='bbox 1621 1466 1851 1502; x_wconf 87' lang='lat' dir='ltr'>Tantummo-</span> 
     </span>
     <span class='ocr_line' id='line_1_23' title="bbox 163 1528 1848 1576; baseline -0.011 -1"><span class='ocrx_word' id='word_1_226' title='bbox 163 1541 209 1576; x_wconf 89' lang='lat' dir='ltr'>do</span> <span class='ocrx_word' id='word_1_227' title='bbox 223 1539 318 1574; x_wconf 86' lang='lat' dir='ltr'>enim</span> <span class='ocrx_word' id='word_1_228' title='bbox 337 1537 410 1575; x_wconf 87' lang='lat' dir='ltr'>hic,</span> <span class='ocrx_word' id='word_1_229' title='bbox 435 1535 475 1568; x_wconf 86' lang='lat' dir='ltr'>in</span> <span class='ocrx_word' id='word_1_230' title='bbox 493 1533 637 1568; x_wconf 85' lang='lat' dir='ltr'>vincula</span> <span class='ocrx_word' id='word_1_231' title='bbox 658 1530 883 1576; x_wconf 85' lang='lat' dir='ltr'>conjiciendo</span> <span class='ocrx_word' id='word_1_232' title='bbox 915 1529 1112 1574; x_wconf 80' lang='lat' dir='ltr'>complures</span> <span class='ocrx_word' id='word_1_233' title='bbox 1138 1528 1317 1573; x_wconf 86' lang='lat' dir='ltr'>principes</span> <span class='ocrx_word' id='word_1_234' title='bbox 1346 1532 1619 1572; x_wconf 80' lang='lat' dir='ltr'>magnatesque,</span> <span class='ocrx_word' id='word_1_235' title='bbox 1646 1528 1683 1561; x_wconf 87' lang='lat' dir='ltr'>id</span> <span class='ocrx_word' id='word_1_236' title='bbox 1705 1529 1848 1564; x_wconf 77' lang='lat' dir='ltr'>efficere</span> 
     </span>
     <span class='ocr_line' id='line_1_24' title="bbox 164 1587 1848 1648; baseline -0.007 -13"><span class='ocrx_word' id='word_1_237' title='bbox 164 1601 283 1648; x_wconf 81' lang='lat' dir='ltr'>potuit</span> <span class='ocrx_word' id='word_1_238' title='bbox 297 1605 339 1633; x_wconf 89' lang='lat' dir='ltr'>ut</span> <span class='ocrx_word' id='word_1_239' title='bbox 355 1609 390 1631; x_wconf 89' lang='lat' dir='ltr'>se</span> <span class='ocrx_word' id='word_1_240' title='bbox 410 1600 582 1640; x_wconf 82' lang='lat' dir='ltr'>regnante</span> <span class='ocrx_word' id='word_1_241' title='bbox 603 1593 641 1625; x_wconf 89' lang='lat' dir='ltr'>in</span> <span class='ocrx_word' id='word_1_242' title='bbox 658 1592 813 1625; x_wconf 87' lang='lat' dir='ltr'>Tehama</span> <span class='ocrx_word' id='word_1_243' title='bbox 830 1597 867 1624; x_wconf 89' lang='lat' dir='ltr'>et</span> <span class='ocrx_word' id='word_1_244' title='bbox 886 1590 1037 1634; x_wconf 84' lang='lat' dir='ltr'>Djibalis</span> <span class='ocrx_word' id='word_1_245' title='bbox 1057 1590 1203 1621; x_wconf 81' lang='lat' dir='ltr'>australi</span> <span class='ocrx_word' id='word_1_246' title='bbox 1221 1595 1322 1633; x_wconf 87' lang='lat' dir='ltr'>parte</span> <span class='ocrx_word' id='word_1_247' title='bbox 1342 1587 1445 1632; x_wconf 86' lang='lat' dir='ltr'>quies</span> <span class='ocrx_word' id='word_1_248' title='bbox 1466 1588 1691 1632; x_wconf 81' lang='lat' dir='ltr'>aliquatenus</span> <span class='ocrx_word' id='word_1_249' title='bbox 1715 1591 1848 1627; x_wconf 85' lang='lat' dir='ltr'>retine-</span> 
     </span>
     <span class='ocr_line' id='line_1_25' title="bbox 163 1649 1844 1704; baseline -0.008 -9"><span class='ocrx_word' id='word_1_250' title='bbox 163 1667 280 1697; x_wconf 82' lang='lat' dir='ltr'>retur:</span> <span class='ocrx_word' id='word_1_251' title='bbox 308 1659 369 1693; x_wconf 89' lang='lat' dir='ltr'>sed</span> <span class='ocrx_word' id='word_1_252' title='bbox 389 1669 461 1704; x_wconf 91' lang='lat' dir='ltr'>quo</span> <span class='ocrx_word' id='word_1_253' title='bbox 485 1655 626 1701; x_wconf 81' lang='lat' dir='ltr'>gravius</span> <span class='ocrx_word' id='word_1_254' title='bbox 647 1653 824 1686; x_wconf 81' lang='lat' dir='ltr'>victorum</span> <span class='ocrx_word' id='word_1_255' title='bbox 845 1651 975 1696; x_wconf 83' lang='lat' dir='ltr'>jugum</span> <span class='ocrx_word' id='word_1_256' title='bbox 1000 1650 1203 1684; x_wconf 83' lang='lat' dir='ltr'>sentiebant</span> <span class='ocrx_word' id='word_1_257' title='bbox 1229 1649 1381 1686; x_wconf 86' lang='lat' dir='ltr'>Arabes,</span> <span class='ocrx_word' id='word_1_258' title='bbox 1409 1660 1451 1681; x_wconf 87' lang='lat' dir='ltr'>eo</span> <span class='ocrx_word' id='word_1_259' title='bbox 1476 1649 1586 1693; x_wconf 80' lang='lat' dir='ltr'>magis</span> <span class='ocrx_word' id='word_1_260' title='bbox 1613 1651 1734 1684; x_wconf 86' lang='lat' dir='ltr'>odium</span> <span class='ocrx_word' id='word_1_261' title='bbox 1758 1652 1844 1686; x_wconf 85' lang='lat' dir='ltr'>Tur-</span> 
     </span>
     <span class='ocr_line' id='line_1_26' title="bbox 165 1710 1846 1758; baseline -0.008 0"><span class='ocrx_word' id='word_1_262' title='bbox 165 1734 285 1758; x_wconf 85' lang='lat' dir='ltr'>carum</span> <span class='ocrx_word' id='word_1_263' title='bbox 309 1726 346 1755; x_wconf 85' lang='lat' dir='ltr'>et</span> <span class='ocrx_word' id='word_1_264' title='bbox 365 1718 541 1753; x_wconf 85' lang='lat' dir='ltr'>libertatis</span> <span class='ocrx_word' id='word_1_265' title='bbox 569 1727 665 1749; x_wconf 89' lang='lat' dir='ltr'>amor</span> <span class='ocrx_word' id='word_1_266' title='bbox 691 1713 862 1752; x_wconf 83' lang='lat' dir='ltr'>increvit,</span> <span class='ocrx_word' id='word_1_267' title='bbox 887 1725 960 1746; x_wconf 86' lang='lat' dir='ltr'>non</span> <span class='ocrx_word' id='word_1_268' title='bbox 987 1724 1128 1746; x_wconf 88' lang='lat' dir='ltr'>carcere</span> <span class='ocrx_word' id='word_1_269' title='bbox 1159 1716 1221 1744; x_wconf 82' lang='lat' dir='ltr'>aut</span> <span class='ocrx_word' id='word_1_270' title='bbox 1250 1711 1402 1744; x_wconf 84' lang='lat' dir='ltr'>vinculis</span> <span class='ocrx_word' id='word_1_271' title='bbox 1433 1710 1721 1754; x_wconf 79' lang='lat' dir='ltr'>exstinguendus.</span> <span class='ocrx_word' id='word_1_272' title='bbox 1773 1713 1846 1758; x_wconf 81' lang='lat' dir='ltr'>Qui</span> 
     </span>
     <span class='ocr_line' id='line_1_27' title="bbox 161 1771 1844 1832; baseline -0.006 -14"><span class='ocrx_word' id='word_1_273' title='bbox 161 1784 309 1832; x_wconf 85' lang='lat' dir='ltr'>quidem</span> <span class='ocrx_word' id='word_1_274' title='bbox 329 1782 366 1815; x_wconf 88' lang='lat' dir='ltr'>in</span> <span class='ocrx_word' id='word_1_275' title='bbox 385 1779 528 1816; x_wconf 85' lang='lat' dir='ltr'>vincula</span> <span class='ocrx_word' id='word_1_276' title='bbox 558 1782 659 1812; x_wconf 81' lang='lat' dir='ltr'>erant</span> <span class='ocrx_word' id='word_1_277' title='bbox 685 1775 840 1820; x_wconf 88' lang='lat' dir='ltr'>conjecti</span> <span class='ocrx_word' id='word_1_278' title='bbox 870 1774 937 1808; x_wconf 84' lang='lat' dir='ltr'>viri</span> <span class='ocrx_word' id='word_1_279' title='bbox 960 1773 1158 1819; x_wconf 86' lang='lat' dir='ltr'>principes,</span> <span class='ocrx_word' id='word_1_280' title='bbox 1186 1771 1240 1805; x_wconf 89' lang='lat' dir='ltr'>his</span> <span class='ocrx_word' id='word_1_281' title='bbox 1271 1772 1391 1804; x_wconf 85' lang='lat' dir='ltr'>demta</span> <span class='ocrx_word' id='word_1_282' title='bbox 1416 1778 1493 1806; x_wconf 86' lang='lat' dir='ltr'>erat</span> <span class='ocrx_word' id='word_1_283' title='bbox 1514 1772 1722 1817; x_wconf 83' lang='lat' dir='ltr'>insurgendi</span> <span class='ocrx_word' id='word_1_284' title='bbox 1744 1785 1844 1808; x_wconf 85' lang='lat' dir='ltr'>occa·</span> 
     </span>
     <span class='ocr_line' id='line_1_28' title="bbox 163 1831 1841 1887; baseline -0.007 -6"><span class='ocrx_word' id='word_1_285' title='bbox 163 1847 233 1885; x_wconf 85' lang='lat' dir='ltr'>sio,</span> <span class='ocrx_word' id='word_1_286' title='bbox 259 1844 322 1880; x_wconf 86' lang='lat' dir='ltr'>sed</span> <span class='ocrx_word' id='word_1_287' title='bbox 342 1856 384 1878; x_wconf 91' lang='lat' dir='ltr'>eo</span> <span class='ocrx_word' id='word_1_288' title='bbox 408 1841 518 1887; x_wconf 81' lang='lat' dir='ltr'>magis</span> <span class='ocrx_word' id='word_1_289' title='bbox 548 1837 822 1873; x_wconf 84' lang='lat' dir='ltr'>stimulabantur</span> <span class='ocrx_word' id='word_1_290' title='bbox 842 1847 966 1869; x_wconf 88' lang='lat' dir='ltr'>eorum</span> <span class='ocrx_word' id='word_1_291' title='bbox 1003 1835 1090 1869; x_wconf 85' lang='lat' dir='ltr'>socii</span> <span class='ocrx_word' id='word_1_292' title='bbox 1114 1840 1151 1868; x_wconf 87' lang='lat' dir='ltr'>et</span> <span class='ocrx_word' id='word_1_293' title='bbox 1179 1833 1283 1867; x_wconf 83' lang='lat' dir='ltr'>amici</span> <span class='ocrx_word' id='word_1_294' title='bbox 1313 1838 1349 1866; x_wconf 84' lang='lat' dir='ltr'>et</span> <span class='ocrx_word' id='word_1_295' title='bbox 1375 1831 1545 1878; x_wconf 88' lang='lat' dir='ltr'>imprimis</span> <span class='ocrx_word' id='word_1_296' title='bbox 1573 1835 1624 1867; x_wconf 89' lang='lat' dir='ltr'>illi</span> <span class='ocrx_word' id='word_1_297' title='bbox 1644 1836 1841 1881; x_wconf 80' lang='lat' dir='ltr'>principes,</span> 
     </span>
     <span class='ocr_line' id='line_1_29' title="bbox 162 1895 1841 1954; baseline -0.007 -12"><span class='ocrx_word' id='word_1_298' title='bbox 162 1908 286 1954; x_wconf 82' lang='lat' dir='ltr'>quiea</span> <span class='ocrx_word' id='word_1_299' title='bbox 307 1904 510 1952; x_wconf 77' lang='lat' dir='ltr'>gaudebant</span> <span class='ocrx_word' id='word_1_300' title='bbox 529 1900 744 1935; x_wconf 86' lang='lat' dir='ltr'>auctoritate</span> <span class='ocrx_word' id='word_1_301' title='bbox 766 1904 802 1932; x_wconf 84' lang='lat' dir='ltr'>et</span> <span class='ocrx_word' id='word_1_302' title='bbox 821 1897 857 1932; x_wconf 86' lang='lat' dir='ltr'>vi</span> <span class='ocrx_word' id='word_1_303' title='bbox 877 1903 939 1931; x_wconf 83' lang='lat' dir='ltr'>aut</span> <span class='ocrx_word' id='word_1_304' title='bbox 961 1896 1106 1942; x_wconf 81' lang='lat' dir='ltr'>opibuS,</span> <span class='ocrx_word' id='word_1_305' title='bbox 1129 1902 1170 1930; x_wconf 84' lang='lat' dir='ltr'>ut</span> <span class='ocrx_word' id='word_1_306' title='bbox 1196 1896 1268 1930; x_wconf 85' lang='lat' dir='ltr'>vim</span> <span class='ocrx_word' id='word_1_307' title='bbox 1287 1895 1330 1928; x_wconf 87' lang='lat' dir='ltr'>iis</span> <span class='ocrx_word' id='word_1_308' title='bbox 1354 1895 1484 1929; x_wconf 81' lang='lat' dir='ltr'>inferre</span> <span class='ocrx_word' id='word_1_309' title='bbox 1511 1897 1675 1930; x_wconf 74' lang='lat' dir='ltr'>Moradus</span> <span class='ocrx_word' id='word_1_310' title='bbox 1694 1909 1766 1931; x_wconf 87' lang='lat' dir='ltr'>non</span> <span class='ocrx_word' id='word_1_311' title='bbox 1782 1909 1841 1931; x_wconf 85' lang='lat' dir='ltr'>au·</span> 
     </span>
     <span class='ocr_line' id='line_1_30' title="bbox 162 1957 1840 2008; baseline -0.008 -4"><span class='ocrx_word' id='word_1_312' title='bbox 162 1969 275 2004; x_wconf 81' lang='lat' dir='ltr'>deret.</span> <span class='ocrx_word' id='word_1_313' title='bbox 327 1968 401 2002; x_wconf 90' lang='lat' dir='ltr'>Sub</span> <span class='ocrx_word' id='word_1_314' title='bbox 430 1965 539 1998; x_wconf 87' lang='lat' dir='ltr'>finem</span> <span class='ocrx_word' id='word_1_315' title='bbox 564 1975 647 2008; x_wconf 83' lang='lat' dir='ltr'>ergo</span> <span class='ocrx_word' id='word_1_316' title='bbox 676 1961 770 1994; x_wconf 86' lang='lat' dir='ltr'>illius</span> <span class='ocrx_word' id='word_1_317' title='bbox 789 1959 1036 2005; x_wconf 80' lang='lat' dir='ltr'>praefecturae</span> <span class='ocrx_word' id='word_1_318' title='bbox 1065 1957 1211 1991; x_wconf 79' lang='lat' dir='ltr'>foedera</span> <span class='ocrx_word' id='word_1_319' title='bbox 1235 1958 1310 2003; x_wconf 85' lang='lat' dir='ltr'>jam</span> <span class='ocrx_word' id='word_1_320' title='bbox 1335 1963 1437 1991; x_wconf 85' lang='lat' dir='ltr'>eraut</span> <span class='ocrx_word' id='word_1_321' title='bbox 1468 1957 1560 1990; x_wconf 86' lang='lat' dir='ltr'>faeta</span> <span class='ocrx_word' id='word_1_322' title='bbox 1589 1958 1677 1991; x_wconf 83' lang='lat' dir='ltr'>clam</span> <span class='ocrx_word' id='word_1_323' title='bbox 1698 1959 1840 1992; x_wconf 78' lang='lat' dir='ltr'>Morado</span> 
     </span>
     <span class='ocr_line' id='line_1_31' title="bbox 165 2019 1841 2075; baseline -0.006 -12"><span class='ocrx_word' id='word_1_324' title='bbox 165 2036 288 2064; x_wconf 84' lang='lat' dir='ltr'>contra</span> <span class='ocrx_word' id='word_1_325' title='bbox 315 2030 502 2075; x_wconf 89' lang='lat' dir='ltr'>imperium</span> <span class='ocrx_word' id='word_1_326' title='bbox 536 2026 776 2066; x_wconf 81' lang='lat' dir='ltr'>Sultanicum3</span> <span class='ocrx_word' id='word_1_327' title='bbox 810 2022 925 2067; x_wconf 80' lang='lat' dir='ltr'>palam</span> <span class='ocrx_word' id='word_1_328' title='bbox 953 2032 1098 2066; x_wconf 82' lang='lat' dir='ltr'>quoque</span> <span class='ocrx_word' id='word_1_329' title='bbox 1128 2020 1188 2054; x_wconf 83' lang='lat' dir='ltr'>alii</span> <span class='ocrx_word' id='word_1_330' title='bbox 1217 2020 1396 2066; x_wconf 83' lang='lat' dir='ltr'>principes</span> <span class='ocrx_word' id='word_1_331' title='bbox 1435 2019 1574 2053; x_wconf 80' lang='lat' dir='ltr'>Sultani</span> <span class='ocrx_word' id='word_1_332' title='bbox 1604 2019 1774 2064; x_wconf 84' lang='lat' dir='ltr'>obsequio</span> <span class='ocrx_word' id='word_1_333' title='bbox 1805 2031 1841 2053; x_wconf 81' lang='lat' dir='ltr'>se</span> 
     </span>
     <span class='ocr_line' id='line_1_32' title="bbox 166 2080 1839 2135; baseline -0.008 -11"><span class='ocrx_word' id='word_1_334' title='bbox 166 2089 421 2129; x_wconf 79' lang='lat' dir='ltr'>subduxerant,</span> <span class='ocrx_word' id='word_1_335' title='bbox 449 2090 509 2123; x_wconf 86' lang='lat' dir='ltr'>alii</span> <span class='ocrx_word' id='word_1_336' title='bbox 535 2087 691 2134; x_wconf 81' lang='lat' dir='ltr'>adgressi</span> <span class='ocrx_word' id='word_1_337' title='bbox 716 2090 817 2120; x_wconf 86' lang='lat' dir='ltr'>erant</span> <span class='ocrx_word' id='word_1_338' title='bbox 847 2082 1076 2135; x_wconf 73' lang='lat' dir='ltr'>amicissimos</span> <span class='ocrx_word' id='word_1_339' title='bbox 1103 2082 1226 2116; x_wconf 89' lang='lat' dir='ltr'>Turcis</span> <span class='ocrx_word' id='word_1_340' title='bbox 1255 2081 1435 2128; x_wconf 85' lang='lat' dir='ltr'>principes</span> <span class='ocrx_word' id='word_1_341' title='bbox 1460 2092 1591 2126; x_wconf 77' lang='lat' dir='ltr'>eosque</span> <span class='ocrx_word' id='word_1_342' title='bbox 1622 2080 1839 2112; x_wconf 62' lang='lat' dir='ltr'>devicerant</span> 
     </span>
    </p>
   </div>
   <div class='ocr_carea' id='block_1_4' title="bbox 1776 2140 1843 2174">
    <p class='ocr_par' dir='ltr' id='par_1_6' title="bbox 1776 2140 1843 2174">
     <span class='ocr_line' id='line_1_33' title="bbox 1776 2140 1843 2174; baseline -0.015 0"><span class='ocrx_word' id='word_1_343' title='bbox 1776 2140 1843 2174; x_wconf 88' lang='lat' dir='ltr'>Ne-</span> 
     </span>
    </p>
   </div>
   <div class='ocr_carea' id='block_1_5' title="bbox 160 2198 460 2211">
    <p class='ocr_par' dir='ltr' id='par_1_7' title="bbox 160 2198 460 2211">
     <span class='ocr_line' id='line_1_34' title="bbox 160 2198 460 2211; baseline -0.013 0"><span class='ocrx_word' id='word_1_344' title='bbox 160 2198 460 2211; x_wconf 60' lang='lat' dir='ltr'>„un-——u—-n</span> 
     </span>
    </p>
   </div>
   <div class='ocr_carea' id='block_1_6' title="bbox 256 2247 305 2265">
    <p class='ocr_par' dir='ltr' id='par_1_8' title="bbox 256 2247 305 2265">
     <span class='ocr_line' id='line_1_35' title="bbox 256 2247 305 2265; baseline 0 -3"><span class='ocrx_word' id='word_1_345' title='bbox 256 2247 305 2265; x_wconf 62' lang='grc' dir='ltr'>ὗ,</span> 
     </span>
    </p>
   </div>
   <div class='ocr_carea' id='block_1_7' title="bbox 218 2234 1430 2313">
    <p class='ocr_par' dir='ltr' id='par_1_9' title="bbox 218 2234 1430 2313">
     <span class='ocr_line' id='line_1_36' title="bbox 593 2234 1424 2263; baseline -0.006 -3"><span class='ocrx_word' id='word_1_346' title='bbox 593 2234 664 2263; x_wconf 78' lang='grc' dir='ltr'><strong>.,”ο.</strong></span> <span class='ocrx_word' id='word_1_347' title='bbox 1010 2245 1055 2259; x_wconf 40' lang='lat' dir='ltr'>aa.</span> <span class='ocrx_word' id='word_1_348' title='bbox 1395 2242 1424 2256; x_wconf 70' lang='lat'>‚2</span> 
     </span>
     <span class='ocr_line' id='line_1_37' title="bbox 218 2256 1430 2313; baseline -0.009 -15"><span class='ocrx_word' id='word_1_349' title='bbox 218 2270 231 2288; x_wconf 69' lang='lat'>⁸</span> <span class='ocrx_word' id='word_1_350' title='bbox 257 2289 262 2294; x_wconf 83' lang='grc'><strong>-</strong></span> <span class='ocrx_word' id='word_1_351' title='bbox 278 2268 344 2301; x_wconf 65' lang='lat' dir='ltr'>Um,</span> <span class='ocrx_word' id='word_1_352' title='bbox 513 2264 528 2287; x_wconf 81' lang='lat' dir='ltr'>b</span> <span class='ocrx_word' id='word_1_353' title='bbox 544 2264 655 2313; x_wconf 24' lang='lat' dir='ltr'>obj-5)</span> <span class='ocrx_word' id='word_1_354' title='bbox 669 2289 678 2298; x_wconf 82' lang='grc'><strong>.</strong></span> <span class='ocrx_word' id='word_1_355' title='bbox 845 2264 860 2283; x_wconf 68' lang='lat'><em>⁰</em></span> <span class='ocrx_word' id='word_1_356' title='bbox 877 2259 945 2305; x_wconf 56' lang='lat' dir='ltr'>[mi-73</span> <span class='ocrx_word' id='word_1_357' title='bbox 976 2260 1059 2310; x_wconf 43' lang='lat' dir='ltr'>ij‘s-&#39;f‘</span> <span class='ocrx_word' id='word_1_358' title='bbox 1226 2256 1240 2279; x_wconf 73' lang='lat' dir='ltr'>d</span> <span class='ocrx_word' id='word_1_359' title='bbox 1259 2259 1327 2302; x_wconf 46' lang='grc' dir='ltr'>[ᾠά-,ι’</span> <span class='ocrx_word' id='word_1_360' title='bbox 1357 2261 1430 2303; x_wconf 51' lang='lat'>&#39;⁸⁵2¹‘-</span> 
     </span>
    </p>
   </div>
   <div class='ocr_carea' id='block_1_8' title="bbox 246 2291 1260 2374">
    <p class='ocr_par' dir='ltr' id='par_1_10' title="bbox 246 2291 1260 2374">
     <span class='ocr_line' id='line_1_38' title="bbox 246 2291 323 2325; baseline -0.013 1"><span class='ocrx_word' id='word_1_361' title='bbox 246 2291 275 2315; x_wconf 66' lang='grc' dir='ltr'>υ</span> <span class='ocrx_word' id='word_1_362' title='bbox 312 2318 323 2325; x_wconf 62' lang='lat' dir='ltr'><em>a</em></span> 
     </span>
     <span class='ocr_line' id='line_1_39' title="bbox 1181 2340 1260 2374; baseline -0.013 0"><span class='ocrx_word' id='word_1_363' title='bbox 1181 2340 1213 2374; x_wconf 83' lang='lat' dir='ltr'>A</span> <span class='ocrx_word' id='word_1_364' title='bbox 1240 2340 1260 2373; x_wconf 81' lang='lat'><strong>2</strong></span> 
     </span>
    </p>
   </div>
  </div>
 </body>
</html>
