2055 2865
809 210 1115 247 —125—

121 297 259 329 hostium
282 298 462 340 potentiam
494 305 525 333 et
547 312 621 334 cum
644 313 764 345 magno
788 314 844 335 suo
864 305 985 336 damno
1010 309 1170 349 comperit
1193 308 1276 342 intra
1301 315 1444 352 quatuor
1468 320 1569 343 annos
1589 322 1619 343 se
1646 312 1798 344 Thaheri·

119 354 168 384 dis
187 355 316 386 minime
338 366 404 387 esse
423 368 546 398 parem.
592 360 776 401 Insequenti
799 360 881 390 enim
904 371 990 392 anno
1016 363 1100 394 ultro
1132 365 1293 398 Imamum
1315 368 1400 399 bello
1421 369 1601 410 petiverunt
1626 375 1656 401 et
1685 370 1798 411 prossi·

118 416 273 452 gaverunt
296 412 496 445 Thaheridae
510 419 542 446 et
560 426 646 448 anno
659 416 724 448 864
743 417 860 448 iterum
880 418 970 449 illum
992 420 1026 449 in
1049 419 1159 460 sugam
1178 423 1390 461 conjecerunt
1410 431 1481 466 post
1502 430 1593 458 atrox
1615 428 1771 468 proelium
1784 450 1792 465 ,

118 468 228 499 occiso
257 469 387 510 insuper
418 470 487 511 ejus
519 473 609 504 socio
644 473 791 514 principe
823 474 939 515 Djofae
974 485 1049 506 cum
1083 477 1190 507 multis
1230 478 1394 512 militibus.
1451 482 1655 515 Gravissimus
1687 489 1796 516 autem

119 522 247 555 Zeiditis
272 525 331 556 fuit
362 536 463 558 annus
489 527 574 565 866,
599 539 665 569 quo
696 529 913 568 Dzamarum,
944 531 1087 573 Nedjra,
1124 532 1231 565 Sanaa
1262 536 1410 577 aliaeque
1437 539 1531 569 urbes
1555 542 1734 582 complures
1760 542 1797 572 iis

116 580 245 612 fuerunt
265 585 394 622 ereptae
414 586 444 612 et
465 582 604 615 [mamus
624 586 688 626 ipse
707 586 845 619 interiit:
868 587 959 629 cujus
981 589 1064 619 filius
1086 589 1174 621 vicos
1189 595 1313 622 tantum
1327 593 1486 632 quosdam
1500 599 1530 624 et
1543 606 1647 635 pauca
1664 598 1794 628 castella

117 636 285 667 clientelae
301 635 377 677 jure
397 639 524 680 accepit
544 645 576 670 et
597 641 755 683 imperata
775 654 806 674 se
827 644 988 675 facturum
1008 645 1154 686 polliceri
1175 651 1220 678 est
1239 652 1386 680 coactus.
1424 649 1496 681 Non
1518 655 1624 683 tamen
1638 652 1793 684 Thalieri-

116 693 230 723 darum
253 693 394 724 tulerunt
414 695 603 736 imperium,
630 699 686 730 sed
710 709 783 731 curn
802 702 941 742 primum
965 702 1148 744 praefectus
1172 703 1297 735 Sanaae
1321 715 1340 736 a
1361 704 1552 738 Thaheridis
1570 710 1789 750 praepositus,

115 748 354 780 Mohammedes
388 750 410 782 f.
434 751 520 789 Isae,
555 756 723 795 quandam
752 756 794 787 ob
823 768 953 789 causam
990 759 1102 791 urbem
1134 761 1331 801 reliquisset,
1369 772 1455 795 anno
1482 763 1546 795 869
1577 765 1791 808 (14648-5)

114 805 256 836 Imamus
285 806 525 839 Mohammedes
561 811 582 842 f.
613 811 712 843 Nasiri
736 813 874 846 Sanaam
899 815 990 855 petiit
1026 826 1163 857 eamque
1186 823 1407 859 expugnatam
1432 820 1545 852 iterum
1573 823 1685 853 tenuit.
1730 823 1794 855 Co·

113 867 207 893 natus
231 862 364 904 quidem
391 868 436 894 est
459 866 670 899 ad-Dhafirus
691 869 874 902 Thaherida
900 882 975 902 curn
999 873 1193 904 validissimo
1214 876 1356 906 exercitu
1376 877 1464 908 illam
1486 888 1677 920 recuperare
1698 880 1793 911 nobi-

114 920 263 950 lissimam
290 918 421 958 urbem,
456 921 510 951 sed
536 925 719 957 muneribus
749 937 820 958 eum
853 929 1008 969 mitigavit
1044 928 1301 967 Mohammedes,
1334 932 1378 962 ita
1405 938 1438 962 ut
1464 934 1620 965 Zebidum
1644 946 1675 966 se
1704 947 1793 968 rece-

114 975 207 1015 perit.
253 974 398 1017 Cumque
425 980 570 1019 sequenti
596 991 681 1011 anno
703 982 817 1012 iterum
840 990 1013 1013 conaretur·
1037 984 1163 1015 Sanaae
1184 987 1280 1026 potiri
1308 991 1337 1016 et
1360 997 1461 1027 prope
1489 989 1576 1020 illam
1604 992 1714 1023 urbem
1736 1005 1791 1025 ac-

114 1031 251 1062 cessisset
271 1043 345 1063 cum
366 1035 467 1075 copiis
492 1036 711 1077 imprudenter
736 1039 776 1068 ad
803 1049 945 1080 pugnam
965 1049 1031 1071 non
1054 1041 1195 1080 paratis,
1222 1041 1328 1072 subito
1355 1043 1499 1074 Zeiditae
1529 1045 1561 1075 in
1589 1057 1660 1077 eum
1692 1049 1792 1081 irrue-

114 1092 209 1126 runt3
234 1093 264 1119 et
286 1090 412 1130 plurimi
436 1092 565 1132 quidem
590 1092 659 1134 ejus
680 1093 795 1123 mili'es
819 1095 850 1125 in
880 1094 989 1136 fugam
1016 1105 1046 1126 se
1074 1096 1251 1135 dederunt,
1277 1099 1344 1139 ipse
1373 1110 1449 1130 vero
1471 1112 1525 1131 rex
1549 1112 1623 1133 cum
1645 1106 1791 1136 satelliti-

113 1143 171 1174 bus
196 1150 227 1175 et
257 1147 417 1177 nonnullis
448 1148 600 1178 militibus
628 1148 751 1180 fortiter
775 1149 935 1180 dimicans
962 1151 1016 1181 diu
1048 1151 1191 1183 hostibus
1219 1155 1351 1192 restitit,
1377 1158 1506 1188 tandem
1534 1169 1608 1190 cuin
1631 1162 1726 1191 sociis
1748 1169 1794 1192 est

112 1202 249 1232 occisus.
295 1202 422 1234 Abhinc
458 1203 550 1235 bellis
578 1205 739 1236 continuis
761 1216 834 1238 cum
864 1207 1054 1238 Thaheridis
1082 1209 1228 1251 impliciti
1258 1211 1386 1243 suerunt
1417 1214 1583 1251 Zeiditae,
1609 1226 1693 1257 quae
1719 1228 1792 1249 eum

109 1256 290 1287 habuerunt
316 1258 455 1297 exitum,
492 1265 527 1291 ut
558 1261 672 1293 horum
706 1273 754 1294 res
782 1264 937 1295 continuo
967 1264 1188 1302 decreverint,
1224 1267 1481 1300 Thalieridarum
1514 1270 1631 1303 fuerint
1661 1279 1789 1307 auctae.

108 1313 203 1343 Anno
226 1313 289 1346 879
315 1314 523 1358 (1474—5)
550 1328 589 1349 eo
622 1329 725 1359 usque
753 1324 843 1350 erant
870 1320 1050 1357 debilitati,
1085 1326 1118 1351 ut
1143 1322 1184 1353 ab
1209 1324 1446 1366 alModjabido
1469 1327 1506 1356 iis
1529 1338 1581 1358 rex
1606 1329 1738 1361 daretur
1759 1337 1792 1362 et

105 1370 345 1411 imponeretur,
370 1372 528 1404 Ahmedes
552 1374 573 1404 f.
598 1374 840 1406 Abou-l—Gaitsi
856 1399 864 1412 ‚
889 1377 945 1417 qui
979 1383 1009 1408 et
1035 1378 1188 1420 deinceps
1208 1384 1342 1411 coactus
1370 1381 1428 1412 suit
1456 1383 1538 1414 inter
1561 1384 1688 1416 obsides
1710 1386 1791 1418 dare

110 1426 192 1457 filios
215 1437 302 1464 suos,
330 1429 355 1458 si
378 1439 459 1470 pace
486 1439 559 1460 cum
586 1429 772 1461 Thaheridis
798 1432 890 1463 vellet
916 1433 972 1465 uti.
1027 1434 1098 1466 Non
1124 1439 1231 1466 tamen
1264 1436 1350 1467 istud
1378 1437 1573 1471 Zeiditarum
1602 1442 1746 1484 regiones
1772 1456 1790 1476 a

108 1482 195 1513 bello
216 1487 247 1513 et
277 1483 531 1524 depraedatione
561 1485 729 1523 liberavit.
760 1488 825 1519 imo
853 1490 1028 1530 quotannis
1058 1490 1157 1522 ferme
1182 1491 1268 1522 bello
1300 1498 1372 1524 sunt
1400 1496 1491 1535 petiti
1520 1501 1551 1527 et
1579 1498 1651 1539 jam
1681 1502 1788 1541 pretio

110 1539 188 1569 (lato
218 1549 336 1580 pacem
359 1540 419 1570 sibi
453 1541 611 1573 redimere
641 1543 842 1581 debuerunt,
871 1545 942 1587 jam
968 1547 1085 1577 multos
1114 1557 1214 1588 equos
1247 1548 1356 1580 tributi
1384 1551 1459 1582 loco
1483 1553 1583 1585 dare:
1619 1556 1643 1585 si
1663 1566 1696 1587 se
1718 1568 1789 1588 mo-

105 1597 220 1626 vissent
245 1595 322 1637 ipsi,
349 1606 367 1626 a
398 1599 615 1629 numerosiore
644 1599 733 1630 hoste
759 1600 846 1630 haud
869 1601 1042 1631 difficulter
1065 1603 1097 1633 in
1123 1603 1234 1644 fugam
1263 1605 1524 1645 conjiciebantur
1547 1614 1577 1639 et
1599 1616 1654 1641 aut
1680 1615 1788 1654 capie-

105 1653 223 1682 bantur
245 1656 300 1682 aut
332 1652 601 1692 trucidabantur-3
634 1657 725 1696 quod
761 1667 846 1688 anno
868 1657 932 1688 896
962 1657 1174 1699 (11290—1)
1213 1661 1308 1690 semel
1336 1663 1515 1704 iterumque
1539 1667 1672 1700 accidit¹
1726 1669 1786 1700 Tot

106 1713 277 1750 tantasque
304 1708 504 1740 calamitates
530 1711 705 1752 cladesque
726 1714 809 1753 passi
834 1713 1021 1744 Thaheridis
1050 1716 1192 1746 resistere
1217 1726 1284 1748 non
1314 1719 1451 1759 amplius
1481 1726 1554 1752 sunt
1583 1725 1649 1754 ausi
1672 1729 1704 1755 et
1728 1728 1786 1757 sub

106 1766 212 1796 Ameri
234 1765 334 1795 ultimi
360 1765 560 1797 Thaheridae
588 1768 721 1809 imperio
744 1770 811 1800 sine
835 1770 920 1801 duce
942 1775 974 1800 et
1003 1772 1142 1803 antistite
1165 1773 1274 1813 quiete
1303 1775 1505 1816 aliquamdiu
1534 1778 1697 1818 vixerunt,
1724 1783 1783 1814 ‹lo-

106 1832 166 1852 nec
198 1821 251 1853 hic
282 1831 391 1852 eorum
423 1823 610 1864 religionem
640 1825 774 1856 offendit
807 1831 838 1857 et
869 1827 1096 1858 Circassiorum
1130 1829 1362 1871 Aegyptiorum
1390 1832 1425 1863 in
1453 1833 1621 1868 Jemanam
1653 1839 1787 1881 irruptio

107 1879 143 1908 iis
161 1878 364 1909 occasionem
394 1877 484 1909 dedit
507 1880 636 1911 ultionis
663 1886 693 1912 et
727 1883 924 1919 rebellionis,
950 1885 1226 1924 quemadmodum
1258 1888 1370 1928 paucis
1397 1889 1428 1919 in
1452 1890 1695 1926 Introductione
1718 1907 1787 1927 me-

108 1935 311 1965 moravimus.
368 1934 412 1965 De
440 1935 636 1967 Zeiditarum
674 1936 802 1967 historia
836 1938 974 1968 conferri
997 1944 1129 1979 possunt
1165 1941 1327 1974 Her-beloti
1358 1945 1447 1977 Bz'bl.
1476 1946 1534 1981 Or.
1557 1949 1589 1979 in
1613 1960 1684 1981 voc.
1708 1952 1785 1989 All,

108 1988 168 2019 Alz·
188 1988 249 2019 be'n
274 1989 447 2024 lius-sain,
474 1990 563 2020 Zez'd
585 1989 647 2020 ben
672 1992 759 2023 Zez'n
786 1992 967 2031 alcibedz'n,
1003 1995 1168 2035 Zez'de'alt,
1192 1999 1339 2037 Kelaz'd,
1370 2001 1469 2032 Vale'd
1497 2003 1558 2033 ben
1586 2003 1688 2034 Jezz'cl
1710 2006 1785 2045 (ubi

106 2049 213 2074 tamen
238 2044 271 2074 in
301 2044 366 2074 fine
389 2054 447 2084 pro
471 2044 506 2074 la
528 2050 615 2075 mort
634 2047 674 2078 de
697 2048 789 2079 Zet'd
807 2050 933 2090 legatur
953 2050 987 2081 la
1011 2057 1098 2083 mort
1118 2054 1158 2085 cle
1186 2054 1297 2097 Jahja
1317 2057 1384 2098 fils
1414 2059 1455 2090 de
1488 2059 1595 2099 Zet'cl)
1610 2082 1618 2096 ‚
1654 2060 1784 2092 Thaba-

107 2100 205 2130 theba
229 2104 259 2130 et
286 2099 379 2136 alibi,
412 2099 591 2132 Abulfedae
616 2104 707 2135 Ama.
733 2105 833 2136 stlosL
859 2107 901 2137 ad
931 2118 1048 2139 annum
1074 2111 1129 2142 121
1157 2112 1218 2149 al.,
1243 2112 1403 2156 Anonymi
1428 2115 1468 2146 de
1492 2115 1621 2145 Zeiditis
1642 2119 1783 2149 narratio

105 2156 193 2198 apud
211 2155 427 2187 Hamakerum
446 2157 479 2188 in
496 2157 592 2199 Spes.
616 2159 691 2191 Cat.
716 2161 798 2194 cod.
825 2163 881 2195 Or.
906 2175 937 2205 p.
956 2165 1040 2201 213,
1056 2176 1149 2208 seqq.
1181 2168 1343 2211 Guignesii
1364 2171 1452 2203 msc.
1478 2171 1561 2203 Gen.
1579 2171 1639 2203 des
1661 2173 1780 2213 [Iun-5⁸,

105 2212 139 2242 T.
165 2212 219 2244 lV.
245 2223 277 2253 p.
297 2212 381 2249 206,
407 2213 448 2243 al.
469 2218 499 2243 et
521 2214 665 2255 inprimis
682 2215 878 2250 Johannseni
903 2220 991 2251 Hz'st.
1013 2221 1198 2260 Jemanae,
1223 2224 1351 2265 passim.

148 2266 183 2297 ln
207 2267 406 2307 expositione
438 2268 588 2300 historica
621 2270 661 2301 de
695 2272 824 2304 Zeiditis
859 2273 1101 2308 Introductoria
1133 2278 1322 2319 plerumque
1349 2280 1449 2311 secuti
1479 2291 1601 2318 sumuS,
1634 2294 1719 2325 quae
1745 2297 1782 2318 ex

107 2322 329 2355 Kothbeddini
358 2325 451 2355 Barlt
486 2326 684 2358 al-Jemanz·
709 2336 919 2370 exposuerunt
954 2332 1076 2374 Sacyus
1109 2335 1141 2364 in
1177 2334 1254 2365 Not.
1281 2339 1313 2366 et
1336 2335 1437 2369 Extr.
1470 2338 1531 2368 des
1554 2339 1655 2371 MSS.
1680 2342 1721 2373 de
1744 2344 1779 2374 la

108 2379 195 2410 Bc‘bl.
219 2380 265 2410 du
288 2380 357 2412 [ἰοί
384 2382 420 2414 Τ.
440 2382 485 2416 IV
508 2389 540 2414 et
563 2384 749 2417 flammei-us
771 2387 804 2418 in
831 2387 1027 2421 Geschz‘chte
1051 2390 1110 2421 des
1141 2390 1282 2424 Osman.
1306 2392 1429 2424 Rez'chs
1462 2394 1552 2428 Tom.
1575 2395 1637 2428 ΙΙΙ.
1660 2409 1694 2439 p.
1716 2399 1781 2431 545

1668 2464 1759 2498 seqq.
1772 2468 1782 2490 ε
