2055 2865
900 190 1186 226 ..82-

212 308 315 339 litum
343 299 524 347 praefecto
546 295 675 331 Selaho
704 291 726 327 f.
756 289 896 328 sahmi,
925 288 1030 333 eique
1056 284 1226 319 nuntians
1250 277 1428 327 quidqu-id
1462 280 1559 313 inter
1586 279 1764 312 Imamum
1782 274 1891 311 Hasn-

221 376 305 399 num
327 369 363 397 et
389 361 511 394 Alium
527 357 668 402 Jahjam
698 359 775 389 erat
803 357 941 389 actum,
969 346 1158 382 affirmavit
1185 356 1220 378 se
1248 342 1292 377 ad
1319 340 1492 376 pascham
1521 341 1611 374 velle
1630 339 1783 373 deficere
1803 337 1892 370 etin

220 431 402 471 posterum
419 422 452 456 ei
469 419 625 455 obedire.
676 415 913 459 Maximopere
943 410 1010 444 hae
1035 408 1177 441 litterae
1204 404 1362 440 Paschae
1390 403 1604 448 placuerunt
1626 406 1669 434 -et
1684 401 1729 434 ad
1750 410 1809 434 eas
1834 398 1894 432 hic

222 484 424 531 respondit,
458 488 539 528 post
564 477 819 515 Mohammedis
847 472 1092 508 laudationem
1118 473 1154 502 et
1180 466 1364 513 »praeviam
1390 461 1743 499 remunerationem,
1776 471 1814 494 se
1844 458 1896 493 illi

221 550 390 583 daturum
414 542 608 579 lectissima
635 550 799 586 quaeque
832 545 982 570 munera
1011 537 1048 566 et
1084 535 1294 565 evecturum
1325 538 1408 561 eum
1433 525 1479 560 ad
1507 534 1684 558 summum
1712 519 1899 566 dignitatis

223 609 390 656 gradum,
416 605 630 649 simulatque
652 600 697 635 ad
724 598 911 644 imperium
932 593 1178 630 Otsmanicum
1198 601 1274 624 sese
1303 588 1507 634 recepisset.
1557 584 1653 619 Hine
1678 590 1901 626 summopere

222 667 488 705 Mohammedes
516 663 657 700 studuit
683 661 734 694 rei
763 658 986 693 Sultanieae,
1014 654 1065 687 ita
1092 658 1134 686 ut
1164 663 1283 685 rumor
1302 651 1348 685 sit
1365 649 1575 695 dissipatus,
1602 657 1686 682 eum
1703 644 1803 678 hisce
1823 640 1900 675 die-

225 732 294 765 bus
314 728 516 764 interficere
537 723 693 759 voluisse
717 720 841 754 Alium
862 717 1021 761 Jahjam,
1048 713 1110 748 sed
1128 713 1247 747 locum
1267 712 1437 746 idoneum
1466 717 1502 746 et
1518 706 1751 744 solitudinem
1770 702 1903 738 frustra

228 790 468 840 quaesivisse:
494 786 591 833 quod
617 782 764 830 quidem
791 780 829 812 in
859 778 1013 812 obscuro
1037 776 1141 809 latet:
1178 773 1367 817 transfugit
1388 778 1509 806 tamen
1536 781 1632 804 nunc
1659 767 1705 802 ad
1730 763 1905 801 Pascham

228 860 266 889 et
283 851 426 898 publice
449 859 530 882 cum
546 844 698 879 maximo
727 842 805 887 ejus
834 838 1006 886 principis
1034 837 1164 871 damno
1192 834 1237 867 ab
1266 833 1349 866 A'lio
1369 832 1475 877 Jahja
1502 830 1668 876 sequenti
1684 827 1824 862 ratione
1843 824 1907 858 de*

229 915 327 949 fecit.
377 911 464 946 Post
482 911 647 952 acceptas
676 901 890 949 gratissimas
909 898 1068 934 Paschae
1089 897 1227 930 litteras
1249 893 1388 929 studuit
1406 892 1473 926 sibi
1494 890 1687 924 conciliare
1707 885 1905 931 complures

230 976 324 1011 viros
344 985 385 1008 ex
406 970 532 1006 incolis
550 965 731 1004 Meswari,
758 976 800 998 ex
817 961 967 1009 planitie
991 965 1033 994 -et
1060 950 1181 992 moute
1206 957 1302 1002 ipso,
1328 955 1384 989 uti
1403 959 1440 988 et
1456 963 1564 999 quam
1588 949 1758 996 plurimos
1774 944 1908 980 milites

230 1033 415 1082 exfpatrui
434 1033 512 1077 ejus
530 1027 710 1066 exercitu,
737 1037 825 1071 quos
846 1035 967 1058 omnes
982 1023 1189 1067 juramento
1216 1018 1285 1052 sibi
1317 1015 1517 1051 obstrinxit.
1569 1012 1761 1058 Quumque
1787 1017 1911 1043 eorum

230 1107 400 1142 magnum
416 1102 606 1127 numerum
634 1088 701 1123 sibi
720 1086 862 1121 omnino
892 1083 1077 1118 addictum
1096 1080 1259 1118 fecisset,
1286 1076 1515 1112 adnuntiavit
1541 1074 1641 1120 Agae
1662 1070 1791 1107 Selaho
1811 1068 1833 1103 f.
1850 1068 1911 1102 Sa·

232 1159 326 1197 limi,
353 1168 389 1191 se
400 1154 502 1190 brevi
522 1157 714 1187 venturum
735 1147 779 1182 ad
792 1144 1034 1181 Schoraimam
1052 1147 1063 1164 ³
1076 1167 1084 1180 ,
1108 1141 1228 1174 locum
1248 1150 1354 1184 supra
1371 1139 1482 1183 ipsius
1508 1142 1625 1179 eastra
1641 1134 1687 1169 ad
1697 1128 1913 1168 Beit-Odza-

237 1221 323 1254 kam
341 1218 467 1254 situm,
494 1213 696 1260 petivitque
709 1210 754 1244 ab
773 1208 832 1241 illo
844 1233 851 1246 ‚
878 1211 935 1244 ut,
962 1202 1105 1250 quando
1126 1199 1330 1234 advenisset
1346 1198 1449 1236 illuc,
1471 1196 1671 1230 subsidium
1689 1194 1734 1229 ad
1744 1205 1782 1228 se
1791 1192 1915 1227 mitte-

241 1287 315 1316 ret:
338 1277 436 1324 quod
453 1287 489 1310 se
509 1274 690 1308 facturum
709 1268 890 1316 pollicitus
917 1270 971 1300 est
989 1264 1076 1310 Aga.
1126 1262 1194 1297 Die
1216 1271 1300 1306 ergo
1329 1258 1479 1304 septimo
1499 1256 1779 1301 Dzoulhidjdjae
1806 1252 1858 1295 (a.
1879 1252 1913 1285 d.

245 1341 291 1376 22
308 1341 393 1375 Nov.
418 1334 531 1380 1584)
561 1332 711 1368 accessit
727 1326 990 1365 Mohammedes
1015 1325 1037 1358 f.
1059 1323 1167 1358 Hadii
1192 1321 1238 1356 ad
1268 1320 1526 1356 Schoraimam‚
1551 1315 1648 1351 unde
1678 1313 1917 1359 transfugeret

244 1403 290 1439 ab
299 1401 382 1436 Alio
401 1399 419 1433 J
424 1397 526 1444 abja,
552 1395 616 1442 qui
634 1399 740 1432 tunc,
768 1387 994 1435 expeditione
1012 1389 1176 1429 suscepta
1196 1383 1365 1416 adversus
1382 1389 1513 1425 pagum
1531 1377 1710 1424 quendam
1730 1388 1750 1411 a
1762 1373 1920 1411 Sultani-=

245 1466 298 1499 eis
326 1461 437 1509 copiis
465 1461 698 1502 occupatum,
724 1453 895 1487 Meswaro
924 1448 1057 1482 aberat.
1108 1444 1239 1480 Omnia
1266 1448 1352 1477 tunc
1378 1442 1473 1474 inter
1500 1438 1698 1483 transfugas
1727 1443 1765 1472 et
1789 1434 1923 1471 exemi-⁴

245 1533 325 1560 tum
355 1521 579 1558 Sultanicum
608 1514 805 1551 secundum
826 1511 862 1545 id
892 1510 937 1544 de
964 1520 1036 1555 quo
1058 1509 1302 1541 convenerant
1326 1507 1409 1537 sunt
1438 1505 1536 1540 aeta,
1569 1504 1605 1533 et
1628 1503 1711 1544 post
1739 1496 1923 1531 cohortem

250 1589 382 1620 lectam
402 1582 622 1618 Sultanieam
642 1579 869 1612 accesserunt
891 1571 935 1606 ad
962 1569 1204 1605 Sehoraimam
1232 1565 1311 1610 Aga
1341 1563 1490 1597 Selahus
1511 1566 1548 1595 et
1571 1560 1750 1594 Jakoutus
1776 1556 1922 1592 Scham—

251 1645 393 1682 seddini
413 1644 485 1677 dux
503 1653 585 1675 cum
605 1638 715 1684 copiis
745 1633 955 1670 Sultffliicis,
981 1630 1112 1676 quibus
1130 1631 1315 1673 preerant,
1341 1623 1520 1660 omnibus,
1542 1627 1578 1654 et
1597 1618 1880 1655 Mohammedem
1899 1616 1925 1651 f.

254 1706 364 1743 Hadii
382 1704 567 1739 adierunt:
596 1699 661 1734 sub
679 1705 863 1742 vesperam
890 1691 1045 1736 denique
1070 1689 1235 1722 Ciwanus
1261 1695 1405 1732 quoquc
1431 1683 1477 1717 ad
1502 1682 1580 1716 illos
1608 1681 1709 1717 venit
1735 1691 1817 1715 cum
1835 1677 1928 1713 mili-

254 1770 370 1807 tibus,
397 1777 485 1812 quos
506 1773 626 1797 secum
646 1758 820 1793 habuerat
839 1754 876 1787 in
892 1751 1138 1786 Beit-Ilmano.

306 1828 424 1873 Hujus
444 1821 632 1867 transfugii
646 1819 794 1854 nuntius
812 1812 977 1861 pervenit
996 1811 1040 1845 ad
1058 1810 1181 1844 Alium
1208 1808 1369 1854 Jahjam,
1395 1818 1524 1853 quum,
1551 1805 1588 1839 in
1613 1803 1839 1850 expeditione
1865 1799 1927 1835 ad-

260 1901 383 1926 versus
413 1897 542 1933 pagum
575 1895 595 1917 a
626 1880 753 1916 Selaho
788 1880 1046 1922 expugnatum,
1072 1872 1111 1904 in
1137 1871 1217 1904 vico
1244 1869 1451 1904 Meswarico
1481 1867 1603 1912 Ragilo
1629 1862 1850 1910 aliquamdiu
1871 1872 1926 1894 re·

258 1947 492 1998 quiescebat3
518 1943 615 1979 unde
633 1941 753 1976 statim
773 1935 979 1973 convocatis
997 1931 1170 1966 militibus
1199 1931 1270 1964 suis
1287 1936 1325 1964 et
1344 1930 1447 1963 lectis
1465 1928 1542 1973 ejus
1563 1926 1634 1960 vici
1652 1923 1797 1961 ineolis,
1822 1931 1930 1966 quos-

264 2022 407 2057 cunque
427 2009 587 2054 poterat,
616 2012 696 2035 cum
716 2001 760 2034 iis
775 1999 846 2032 cito
868 1997 912 2031 ad
933 1996 1143 2030 Meswarum
1168 1989 1286 2025 rediit.
1336 1989 1547 2022 Meswarum
1577 1991 1697 2019 autem
1722 1988 1776 2016 est
1804 1990 1934 2014 nomen

264 2071 396 2107 montis
417 2067 524 2113 ampli
544 2071 580 2099 et
601 2061 736 2097 castelli
759 2057 887 2094 excelsi
914 2057 953 2089 in
981 2054 1040 2088 illo
1067 2057 1188 2086 monte
1213 2049 1402 2084 exstructi:
1430 2059 1472 2081 ea
1493 2057 1576 2080 vero
1601 2050 1655 2078 est
1676 2043 1785 2088 hujus
1801 2039 1933 2075 montis

266 2129 463 2179 amplitudo
475 2154 482 2167 ‚
508 2132 550 2162 ut
567 2125 670 2172 plura
688 2119 832 2158 castella
851 2124 886 2152 et
904 2117 995 2155 vici,
1022 2115 1139 2162 sylvae
1165 2118 1202 2148 et
1227 2123 1310 2146 arva
1335 2111 1374 2145 in
1393 2121 1434 2144 eo
1451 2106 1696 2148 inve11iantur3
1723 2104 1776 2139 ita
1791 2108 1929 2138 tamen,

1895 2166 1937 2196 u}

324 2317 336 2334 a
354 2300 458 2358 ΜΞΝ,
