2055 2865
954 212 1214 235 —x—

250 333 335 367 bum
373 328 541 362 continua
578 324 734 358 amicitia
764 323 981 363 effecerunt,
1017 329 1059 358 ut
1092 323 1199 362 vitia,
1236 334 1328 370 quae
1359 334 1379 357 a
1410 322 1639 370 scriptoribus
1669 325 1836 362 historiae
1869 328 1924 362 sui

249 403 417 449 temporis
450 401 658 446 plerumque
688 397 977 436 committuntur,
1004 396 1143 432 facilius
1169 397 1304 432 evitare
1331 398 1499 443 potuerit.

296 476 413 520 Hujus
433 474 542 519 igitur
566 473 713 510 librum,
739 483 846 517 quem
860 496 867 510 ,
895 483 914 505 e
932 470 1107 505 ditissimo
1122 471 1291 506 Codicum
1312 472 1388 506 Orr.
1409 471 1506 506 MSS.
1526 471 1770 507 Bibliothecae
1784 474 1925 509 Acade-

248 550 338 583 miae
358 548 703 593 Lugduno-Batavae
722 545 907 583 thesauro,
932 544 1021 577 mihi
1044 544 1263 590 aliquamdiu
1280 551 1362 580 ante
1386 545 1625 579 tristissimum
1645 546 1783 580 obitum
1800 558 1924 592 suppe-

248 623 426 658 ditaverat
443 622 656 666 Praeceptor
677 619 856 665 quondam
876 619 1208 658 aestumatissimus,
1230 619 1278 653 Cl.
1305 618 1544 658 Hamakcrus,
1563 620 1632 658 ita,
1654 621 1826 654 suadente
1847 620 1923 659 illo,

245 698 286 730 in
307 697 375 730 hoe
394 695 513 729 libello
533 693 776 739 componendo
795 693 961 732 adhibui,
981 698 1022 726 ut
1041 705 1082 727 ex
1103 693 1170 726 hac
1190 693 1303 727 veluti
1325 693 1446 727 sodina
1465 693 1649 727 historiam
1669 693 1778 740 hujus
1798 694 1925 728 aetatis

247 781 426 807 eruerem,
453 779 663 813 exponerem
689 773 726 800 et
748 779 960 801 exornarem.
1011 768 1039 801 E
1060 766 1247 812 prolixiore
1270 766 1378 811 igitur
1397 767 1597 802 narratione
1620 768 1738 802 omnia
1761 779 1803 801 ca
1822 768 1925 801 omit-

247 843 356 877 tenda
378 848 494 879 erant,
521 852 615 885 quae
634 851 705 872 non
728 851 782 872 res
806 845 920 882 gestas
938 840 1188 878 continebant,
1211 838 1272 872 sed
1293 851 1413 873 earum
1436 847 1537 874 crant
1556 847 1782 880 ornamenta,
1800 841 1925 875 Orien-

246 916 371 949 talium
400 926 514 952 more,
552 912 694 946 tabulae
721 912 872 958 adpicta.
930 913 1178 947 Narrationurn
1206 913 1314 946 series
1348 911 1528 946 interdum
1559 913 1748 946 admodum
1780 915 1925 948 consus-a

246 989 285 1022 in
309 987 469 1022 ordinem
490 993 565 1021 erat
586 985 802 1030 redigenda:
829 986 927 1031 quod
950 986 1060 1030 magis
1080 986 1258 1030 ingratum
1280 997 1386 1032 quam
1404 985 1548 1019 difficile
1571 986 1657 1024 suit,
1681 986 1764 1032 quia
1785 993 1923 1025 auctor,

245 1062 332 1094 licet
358 1043 626 1105 dispositionem
652 1059 768 1092 minus
793 1065 952 1097 curaret,
980 1065 1137 1104 tempora
1164 1065 1281 1092 tamen
1313 1064 1478 1092 accurate
1507 1060 1701 1093 annotavit.
1762 1061 1925 1106 Denique

247 1134 403 1167 narratio
428 1133 596 1166 continua
619 1133 655 1165 in
678 1133 793 1178 capita
817 1132 992 1178 quaedam
1020 1132 1271 1177 distinguenda
1296 1138 1390 1171 erat,
1418 1138 1459 1166 ut
1480 1132 1531 1166 ita
1554 1133 1669 1177 operis
1696 1140 1922 1179 conspectus,

247 1220 289 1241 ex
315 1207 470 1251 capitum
497 1206 788 1251 inscriptionibus
813 1212 1061 1252 argumentum
1085 1205 1344 1245 indicantibus,
1370 1206 1509 1240 facilior
1534 1206 1753 1241 redderetur.
1803 1207 1926 1241 Anno-

246 1280 419 1314 tationem
451 1280 595 1325 adjunxi
624 1291 686 1325 pro
723 1291 840 1313 rerum
872 1281 974 1326 copia
999 1280 1208 1315 breviorem.
1270 1279 1314 1313 Id
1350 1286 1470 1314 autem
1504 1281 1541 1314 in
1578 1281 1807 1315 annotatione
1836 1281 1924 1314 mihi

245 1353 464 1399 propositum
502 1353 589 1390 fuit,
625 1359 666 1386 ut
700 1365 718 1386 e
746 1354 925 1388 nonnullis
958 1355 1044 1388 locis
1081 1366 1101 1387 e
1136 1354 1258 1387 codice
1286 1354 1355 1389 MS.
1382 1354 1567 1400 descriptis
1603 1354 1743 1389 Lectori
1780 1355 1923 1389 daretur

244 1424 601 1471 potestasjudicandi
627 1425 671 1458 de
696 1425 778 1458 libri
796 1427 917 1470 lingua
939 1432 976 1459 et
997 1427 1154 1460 oratione
1177 1433 1214 1460 et
1236 1433 1277 1461 ut
1296 1428 1347 1461 ita
1371 1434 1576 1473 appareret,
1601 1440 1673 1473 qna
1691 1428 1829 1462 ratione
1850 1429 1925 1474 ipse

246 1498 400 1533 auctoris
425 1497 541 1531 verbis
561 1509 646 1531 usus
669 1498 742 1531 sim.
794 1499 951 1532 Tandem
976 1498 1099 1532 addidi
1119 1498 1282 1532 Indicem
1303 1499 1608 1544 Geographicum,
1629 1502 1692 1547 qui
1719 1502 1804 1534 huic
1826 1502 1924 1546 operi

245 1572 443 1606 necessario
460 1570 707 1614 adjungendus
726 1570 815 1602 mihi
835 1571 1023 1604 videbatur
1040 1572 1086 1605 ob
1099 1573 1272 1616 insignem
1287 1573 1430 1607 urbium
1450 1579 1487 1607 et
1507 1574 1667 1607 locorum
1692 1574 1844 1619 copiam,
1861 1576 1923 1619 qui

247 1645 376 1690 passim
404 1642 631 1675 nominantur
663 1647 699 1675 et
728 1642 765 1675 in
790 1643 867 1677 aliis
893 1643 1034 1689 scriptis
1059 1645 1096 1677 in
1123 1645 1275 1678 transitu
1300 1651 1363 1679 aut
1394 1657 1439 1679 ne
1471 1646 1522 1679 sic
1545 1646 1691 1691 quidem
1720 1654 1924 1681 occurrunt.

247 1718 352 1753 Nolui
372 1722 492 1750 autem
511 1715 548 1748 in
567 1715 635 1749 hac
654 1715 735 1749 libri
757 1722 858 1761 parte
876 1718 1134 1762 componenda,
1154 1718 1388 1752 describendo
1408 1725 1569 1764 repetere
1592 1731 1649 1757 ea,
1672 1731 1764 1764 quae
1783 1720 1820 1753 in
1846 1721 1922 1755 aliis

247 1791 423 1837 ejusmodi
448 1790 626 1823 pulicibus
652 1795 819 1824 annotata
852 1797 955 1830 sunt,
982 1804 1093 1837 eaque
1127 1793 1244 1826 onmia
1269 1792 1378 1837 igitur
1401 1792 1521 1831 omisi,
1552 1805 1644 1838 quae
1675 1793 1731 1827 vel
1763 1794 1800 1826 in
1827 1793 1923 1829 Golii

248 1870 362 1899 cmnol.
390 1864 438 1896 acl
461 1862 729 1909 Alfirgcmium,
763 1869 824 1898 aut
853 1865 891 1898 in
922 1865 1107 1900 Indicibus
1135 1877 1250 1910 geogr.
1277 1878 1296 1898 a
1328 1865 1553 1900 Schultcnsio
1588 1866 1633 1900 ad
1662 1867 1792 1900 calcem
1819 1867 1922 1901 Vitae

249 1939 433 1975 Salaclz'.›22',
462 1949 482 1969 a
504 1937 614 1982 Sacyo
641 1936 685 1970 ad
710 1937 817 1970 finem
845 1939 943 1973 Tomi
964 1940 1017 1974 IV
1041 1939 1124 1973 libri
1149 1939 1268 1973 ,Nolic-
1293 1944 1326 1973 et
1355 1938 1467 1974 Eoetfr.
1494 1940 1554 1974 des
1581 1939 1697 1974 MSS.
1723 1941 1769 1973 du
1789 1940 1860 1974 Boi
1885 1948 1922 1974 et

250 2025 269 2044 a
295 2011 535 2045 Johannsenio
570 2011 614 2044 ad
639 2012 768 2046 calcem
795 2012 985 2046 Historiae
1015 2012 1186 2047 Jemanae
1218 2027 1235 2047 e
1269 2012 1396 2048 Codice
1419 2013 1502 2047 MS.
1532 2012 1641 2047 Arab.
1669 2020 1737 2048 cct-
1763 2015 1923 2059 exposita

249 2092 286 2119 et
321 2084 404 2118 satis
440 2085 614 2130 explicata
649 2085 797 2120 fuerant.
863 2086 1045 2131 Egregiam
1082 2087 1270 2121 Niebuhrii
1302 2086 1591 2132 Descriptionem
1626 2086 1782 2120 Arabiae
1817 2100 1920 2134 saepe

249 2159 408 2197 laudavi,
435 2170 501 2192 nec
525 2165 658 2198 tamen,
686 2160 769 2205 quia
791 2161 829 2193 in
850 2160 1006 2193 omnium
1031 2160 1193 2195 manibus
1217 2167 1288 2200 cst,
1316 2161 1504 2206 descripsi3
1531 2166 1567 2194 et
1589 2172 1648 2194 eos
1670 2161 1782 2199 10005,
1799 2162 1861 2206 qui
1882 2163 1919 2195 in

251 2231 385 2264 Tabula
409 2231 535 2276 Gcogr.
559 2232 644 2266 huie
672 2233 903 2279 descriptioni
931 2233 1072 2279 adjecta
1104 2235 1353 2274 inveniuntur,
1381 2235 1589 2281 plerumque
1613 2234 1778 2267 indicavi.
1830 2235 1919 2270 Usus

252 2316 335 2338 vero
366 2316 442 2338 sum
467 2306 503 2337 in
534 2306 651 2340 indice
689 2307 931 2353 componendo
962 2319 1043 2342 cum
1077 2309 1365 2343 annotationibus
1395 2308 1639 2346 creberrimis,
1668 2318 1753 2352 quas
1781 2307 1919 2342 Codicis

1840 2393 1918 2416 nos·
