2055 2865
842 145 1127 182 -13—

144 249 197 280 est
214 241 355 277 licitum
375 245 412 275 et
430 238 617 275 vobiscum
630 237 764 274 bellum
783 249 902 285 geram
920 239 1090 275 adversus
1109 241 1294 278 Pascham.

186 303 281 338 Huic
301 301 484 336 Izzeddini
504 300 572 335 viri
591 299 812 346 integerrimi
830 300 1119 348 veracissimique
1139 314 1326 349 responso,
1353 304 1397 340 ad
1418 305 1704 343 Gautseddinum
1725 308 1819 354 ejus-

143 375 213 412 que
239 364 365 399 fratres
395 362 526 401 relato,
551 361 661 396 fidem
686 361 739 395 illi
762 372 835 394 non
863 359 1087 400 hahuerunt,
1123 362 1186 397 sed
1217 371 1357 405 eontra,
1392 367 1525 402 bellum
1555 369 1742 403 imminens
1768 381 1814 403 ne

142 425 365 471 inopinatum
394 435 431 457 se
458 423 690 469 opprimeret,
716 420 840 459 veriti,
864 431 993 465 magno
1014 433 1096 455 cum
1115 423 1235 457 studio
1264 425 1301 458 id
1327 426 1395 471 ipsi
1419 440 1544 473 parare
1573 435 1815 475 perrexerunt.

142 484 333 519 Calumniis
361 483 456 518 enim
482 481 714 516 Izzeddinum
741 481 924 526 prosecuti
953 488 1055 515 erant
1072 484 1235 518 nonnulli
1263 486 1443 532 principes
1464 489 1600 524 Imamo
1620 491 1762 524 IIasano
1780 496 1818 524 et

142 544 378 580 Mohammedi
398 543 420 577 f.
441 542 555 576 Nasiri
575 540 699 581 amici,
724 553 879 588 quorum
897 542 1071 578 intererat
1098 544 1234 590 ubique
1262 545 1349 579 belli
1369 558 1532 593 spargere
1554 550 1697 583 semina.
1749 551 1813 585 His

143 605 292 651 cognitis
321 602 534 636 Izzeddinus
563 602 608 636 ad
638 601 761 636 Alium
791 602 935 648 Jahjam
973 604 1070 638 misit
1098 605 1257 651 legatum
1274 632 1283 646 ‚
1326 607 1462 641 codicis
1489 609 1604 643 nostri
1633 617 1816 646 auctorem

143 665 330 703 Auxerum,
356 664 419 710 qui
437 675 558 698 mense
576 661 765 698 Schabano
786 662 1030 710 (Septembri)
1057 665 1102 700 ad
1123 678 1206 701 eum
1225 668 1377 702 accessit
1403 668 1442 702 in
1461 668 1586 702 urbem
1607 670 1761 704 Saudam
1782 679 1819 708 et

142 725 326 771 epistolam
353 724 421 770 ipsi
448 724 615 764 tradidit,
642 724 827 760 Izzeddini
853 736 961 759 manu
991 727 1247 773 conscriptam,
1274 729 1313 763 in
1339 740 1413 776 qua
1441 736 1653 775 exposuerat
1678 742 1819 765 omnem

143 798 217 820 rein
237 797 318 820 cum
337 786 479 820 Hasano
509 791 644 819 actam:
673 785 798 821 foedus
828 797 870 819 eo
894 791 1033 820 tantum
1062 789 1212 823 consilio
1240 801 1316 824 esse
1346 790 1495 830 initum,
1522 797 1564 825 ut
1590 792 1704 826 Saada
1733 791 1817 826 urbs

142 847 375 881 reduceretur
412 846 458 879 ad
492 846 631 880 Sultani
670 847 857 892 imperium
897 852 934 880 et
970 847 1234 883 Mohammedes
1266 849 1288 884 f.
1318 850 1436 884 Nasiri
1474 850 1509 884 ei
1538 851 1819 888 submitteretur.

145 907 359 941 Ostenderat
378 917 482 951 porro
502 906 688 940 evidenter
707 906 763 940 his
784 907 821 940 in
840 907 989 947 litteris,
1017 909 1168 944 Saadam
1196 911 1378 955 pertinere
1398 911 1444 945 ad
1465 911 1605 946 Sultani
1625 913 1817 953 ditionem,

146 968 212 1001 etsi
232 965 414 1000 Ahmedes
435 965 457 1000 f.
475 966 624 1000 Hoseini
643 966 720 1011 ejus
739 966 864 999 suisset
880 968 1034 1010 potitus3
1061 969 1344 1003 Mohammedem
1364 982 1451 1005 vero
1479 972 1725 1017 dignissimum
1746 987 1821 1009 esse

146 1028 338 1073 supplicio,
364 1027 444 1072 qui,
471 1037 688 1071 quamquam
715 1025 864 1067 Sultano
891 1026 1135 1061 obedientiam
1162 1030 1382 1073 promisisset
1408 1036 1445 1064 et
1465 1031 1511 1064 ah
1531 1043 1573 1065 eo
1593 1032 1765 1069 honorem
1786 1042 1822 1069 et

147 1088 363 1134 stipendium
384 1098 465 1120 cum
484 1098 631 1120 munere
649 1086 787 1119 excelso
816 1087 1011 1133 multisque
1042 1088 1144 1124 donis
1175 1091 1390 1136 accepisset,
1416 1091 1530 1125 nihilo
1561 1098 1681 1126 tamen
1705 1095 1822 1130 minus

148 1149 328 1186 defecerat
353 1146 399 1180 ab
424 1146 485 1179 illo
505 1151 542 1179 et
570 1146 700 1192 ingrati
727 1146 936 1194 fallacisque
966 1150 1076 1184 animi
1105 1152 1234 1186 iterum
1263 1152 1330 1186 hac
1352 1153 1390 1186 in
1418 1164 1456 1186 re
1475 1152 1624 1187 dederat
1644 1155 1825 1199 specimen

148 1209 304 1244 evidens.
355 1207 452 1253 Quid
472 1207 582 1253 igitur
600 1212 674 1247 est,
700 1219 721 1242 ο
746 1207 893 1243 fratres!
920 1210 1056 1257 inquit,
1082 1211 1182 1258 quod
1206 1219 1368 1246 nostrum
1394 1226 1499 1258 aegre
1526 1214 1649 1248 feratis
1679 1215 1823 1259 foedus3

147 1282 202 1307 res
221 1271 317 1305 enim
336 1275 453 1304 vestra
473 1273 527 1304 est
544 1274 622 1303 tuta
643 1274 697 1308 et,
723 1269 753 1304 si
773 1269 900 1304 eodem
929 1271 966 1305 in
992 1278 1090 1307 statu
1118 1285 1262 1307 manere
1293 1275 1421 1314 vultis,
1447 1275 1534 1309 licet
1553 1275 1653 1309 vobis
1675 1288 1750 1310 esse
1772 1290 1823 1312 se-

151 1332 243 1367 curis
260 1337 368 1378 atque
388 1329 521 1364 beatis:
549 1335 691 1370 eontra,
718 1330 749 1365 si
769 1330 869 1365 vobis
890 1331 928 1365 in
955 1333 1073 1367 animo
1098 1334 1144 1368 sit
1172 1334 1366 1370 deflectere
1396 1336 1441 1369 ab
1462 1336 1609 1381 imperio
1631 1338 1770 1371 Sultani
1789 1346 1826 1372 et

148 1394 228 1439 ejus
257 1391 466 1427 adversariis
494 1390 623 1425 afferre
649 1391 838 1430 auxilium,
874 1393 994 1426 sciatis
1022 1394 1156 1428 bellum
1194 1395 1294 1429 vobis
1333 1396 1538 1440 impendere
1569 1396 1823 1441 gravissimum.

151 1453 359 1487 Istiusmodi
380 1463 461 1484 cum
479 1451 610 1484 litteris
629 1450 782 1484 Amerus
811 1451 901 1485 adiit
930 1452 1053 1486 Alium
1082 1454 1243 1499 Jahjam,
1278 1456 1342 1502 qui
1380 1462 1466 1490 tunc
1496 1456 1602 1492 variis
1629 1457 1825 1504 implicitus

151 1512 322 1548 molestiis
342 1517 378 1545 et
395 1509 567 1555 negotiis,
593 1522 665 1556 quo
683 1521 721 1544 se
741 1516 916 1550 verteret,
943 1512 1074 1547 dubius
1094 1514 1276 1549 haerebat.

199 1572 311 1607 Simul
330 1571 424 1603 enim
443 1580 524 1603 cum
542 1569 726 1603 Izzeddini
744 1570 861 1614 legato
883 1571 1029 1605 advenit
1048 1574 1093 1606 ad
1114 1587 1195 1608 eum
1225 1577 1376 1621 epistola
1395 1577 1651 1612 Mohannnedis
1672 1579 1693 1612 s.
1711 1580 1825 1614 Nasiri

153 1639 188 1668 et
206 1630 377 1678 postridie
398 1629 509 1662 altera
531 1628 576 1662 ab
594 1628 758 1662 Ahmede
779 1628 801 1662 f.
822 1630 970 1664 Hoseini
998 1632 1044 1665 ad
1071 1644 1152 1667 eum
1182 1636 1306 1675 missa,
1333 1648 1426 1682 quae
1456 1637 1666 1671 societatem
1684 1645 1721 1673 et
1741 1642 1825 1676 ami-

151 1693 273 1728 citiam
292 1690 530 1736 postulabant.
581 1690 773 1724 Praeterea
792 1689 926 1724 bellum
947 1697 1032 1726 tunc
1053 1694 1200 1738 gerebat
1229 1697 1398 1730 adversus
1429 1696 1605 1731 Imamum
1625 1700 1824 1740 Hasanum‚

150 1752 330 1801 quondam
356 1750 492 1785 socium
522 1761 644 1789 suum,
678 1762 786 1796 quem
813 1752 959 1798 quidem
991 1753 1219 1799 profligatum
1246 1757 1549 1804 persequebatu1·;
1585 1760 1681 1806 quod
1710 1765 1827 1795 tamen

152 1824 364 1860 magnopere
394 1820 477 1845 eum
512 1809 755 1855 impediebat,
787 1825 859 1858 quo
897 1812 1015 1846 minus
1045 1815 1115 1848 alia
1150 1824 1404 1862 exsequeretur
1434 1820 1582 1854 consilia
1612 1826 1648 1855 et
1673 1823 1825 1867 negotia.

152 1874 287 1910 Eodem
305 1872 460 1918 denique
482 1875 639 1916 tempore
658 1871 854 1912 Lothsalla,
880 1885 988 1919 quem
1009 1873 1154 1909 fratrem
1184 1889 1322 1923 semper
1352 1879 1512 1924 inprimis
1530 1881 1721 1922 dilexerat,
1748 1884 1825 1929 ejus

151 1940 269 1981 partes
286 1934 463 1971 deseruit,
489 1942 648 1977 eumque>
660 1932 806 1978 reliquit
820 1939 948 1978 petens
975 1945 1093 1968 arcem
1119 1948 1226 1971 suam·
1249 1937 1445 1972 Cahlanum
1471 1940 1676 1977 al-Scharaf
1689 1948 1711 1975 ².
1762 1943 1825 1977 Ea—

153 1997 316 2037 propter,
342 2002 424 2024 cum
454 1991 619 2026 celeriter
643 1991 712 2026 sibi
741 1994 918 2038 agendum
947 2005 1022 2028 esse
1051 2007 1092 2030 ex
1122 2009 1207 2032 vero
1236 1999 1467 2044 opinaretur,
1504 2001 1630 2035 eodem
1654 2003 1726 2041 die,
1753 2015 1823 2049 quo

156 2050 307 2084 Amerus
325 2050 538 2090 advenerat,
565 2062 647 2085 cum
666 2051 705 2085 in
721 2063 764 2085 eo
785 2058 877 2085 esset
903 2059 944 2087 ut
970 2054 1007 2088 in
1035 2055 1161 2090 urbem
1182 2057 1321 2092 Tsolam
1341 2059 1356 2081 b
1381 2061 1686 2106 proficisceretur,
1712 2063 1824 2108 inopi-

157 2115 258 2145 natas
283 2109 446 2145 omnibus
471 2110 633 2146 inducias
663 2112 770 2149 unius
791 2112 875 2147 anni
899 2112 981 2148 iniit
1005 2125 1087 2150 cum
1114 2116 1249 2152 Imamo
1274 2119 1417 2155 Hasano
1447 2122 1514 2157 sibi
1538 2122 1683 2168 quidem
1709 2123 1825 2157 minus

1739 2194 1832 2231 pro»-

209 2268 351 2334 »ὠρας
378 2270 510 2333 ρριὲσ
662 2275 768 2325 ss-
