2055 2865
908 139 1190 173 ...70—

219 242 298 276 sseri
320 244 437 285 posset
453 249 518 283 pax
540 237 822 280 componeretur.
873 231 1014 264 Hasano
1031 230 1099 263 hoc
1118 239 1241 263 eorum
1259 227 1476 262 desiderium
1495 228 1722 263 adnuntiavit
1739 228 1890 262 Sinanus

220 302 400 345 suasitque
421 298 453 331 ci
475 296 595 334 simul,
622 300 663 328 ut
685 299 721 327 et
742 292 974 327 securitatem
993 296 1029 323 et
1049 290 1145 335 pacis
1174 289 1399 323 conditiones
1429 288 1560 321 faustas
1588 288 1630 321 iis
1656 287 1888 321 concederet:

223 362 272 392 <ie
294 358 387 392 enim
406 358 441 390 id
462 356 644 389 castellum
666 353 832 388 facillima
858 350 995 384 ratione
1023 362 1126 395 posse
1151 349 1240 394 capi.
1292 347 1524 382 Auscultavit
1552 348 1689 381 Pascha
1714 349 1890 386 monenti,

223 418 398 453 concessit
428 416 596 454 obsessis,
632 420 819 460 postquam
850 410 1034 445 castellum
1058 409 1305 446 tradidissent,
1333 407 1579 445 securitatem,
1607 414 1644 441 et
1669 411 1890 456 principibus

219 478 372 511 laudatis
393 477 574 522 pollicitus
595 482 649 510 est
666 475 796 510 favoris
816 474 870 508 sui
885 470 1081 519 specimina
1097 469 1218 503 multa.
1271 469 1510 502 Tradiderunt
1533 473 1619 500 tune
1637 467 1688 501 illi
1707 471 1890 503 castellum

220 537 474 570 Umm-Lailam
494 542 529 569 et
558 535 707 569 intravit
734 534 771 568 id
803 533 979 567 exercitus
1011 530 1213 565 Sultanicus
1231 530 1358 564 eodem
1376 530 1453 563 die:
1480 541 1551 575 quo
1570 528 1665 562 sacto
1683 529 1893 574 dispositum

218 599 266 631 ibi
289 598 357 631 suit
380 597 599 643 praesidium
615 608 634 630 e
653 595 827 629 militibus
850 592 1040 628 Sultanicis
1065 591 1199 624 lectum
1227 597 1264 625 et
1292 591 1507 624 instructum
1536 590 1699 623 omnibus
1727 590 1832 623 rebus
1849 590 1893 623 ad

217 659 462 692 defensionem
483 664 519 692 et
537 658 674 691 vietum
700 655 927 690 necessariis:
956 654 1110 687 Sinanus
1134 663 1215 685 cum
1244 652 1406 686 omnibus
1434 651 1656 697 principibus
1677 657 1712 685 et
1733 651 1891 684 exercitu

218 732 281 753 suo
303 720 451 754 Saadam
472 719 588 752 rediit.
639 718 749 754 Hinc,
776 716 936 749 exercitu
954 713 999 746 ad
1018 712 1169 746 Saadam
1186 713 1327 751 relicto,
1354 724 1435 746 eum
1455 713 1580 757 exiguo
1594 712 1749 746 militum
1768 723 1890 745 nume-

218 794 255 812 ro
284 775 326 813 ae
350 779 571 825 principibus
600 777 726 811 Seiaho
748 776 770 809 f.
792 775 966 809 Ahmcdis
984 773 1206 818 al-Moajjcdi
1224 778 1260 805 et
1280 773 1422 806 Mahdio
1446 773 1467 806 s.
1495 773 1679 806 Izzeddini
1709 773 1777 805 iter
1804 771 1889 805 fecit

215 845 384 875 Sanaam,
408 851 516 884 quam
533 838 659 871 urbem
678 837 855 881 ingressus
875 841 928 868 est
944 835 1047 868 initio
1066 833 1195 867 mensis
1214 832 1425 867 Schawwali
1446 832 1610 872 (exeunte
1632 844 1676 864 m.
1689 833 1888 877 Septembri

217 901 300 933 :nini
334 898 458 942 1584).
510 899 663 933 Obviam
692 897 734 930 iis
762 897 907 930 miserat
936 895 1075 930 Pascha
1111 894 1226 927 filium
1255 904 1358 926 suum
1394 892 1591 926 Hoseinum
1618 903 1699 924 cum
1725 892 1888 926 omnibus

214 961 434 1006 principibus
456 965 493 994 et
511 959 704 995 militibus,
730 958 793 1004 qui
815 958 949 990 Sanaae
978 956 1015 989 id
1044 954 1211 1000 temporis
1240 954 1406 992 aderant,
1433 958 1474 986 ut
1501 964 1581 986 cum
1613 951 1746 985 honore
1768 953 1888 986 sedem

212 1034 311 1055 suam
333 1023 517 1054 intrarent.
569 1021 740 1054 Sinanum
760 1025 845 1052 tunc
866 1017 1006 1051 ornavit
1030 1022 1129 1050 veste
1158 1015 1428 1061 pretiosissima,
1456 1014 1625 1048 Selallum
1645 1013 1886 1058 Sandjakbegi

211 1093 378 1120 munere,
406 1081 589 1114 Mahdium
610 1081 788 1127 stipendio
818 1079 1018 1113 Sultanico:
1046 1077 1159 1122 iisque
1185 1082 1264 1121 post
1293 1074 1690 1110 honorificentissimam
1708 1074 1883 1120 receptio-

212 1154 292 1175 nem
312 1142 522 1178 amicissime
543 1148 595 1177 est
614 1154 714 1181 usus,
741 1141 914 1188 quamdiu
939 1140 1076 1174 Sanaae
1099 1136 1419 1172 commorabantur.

1738 2342 1889 2378 CAPUT
