<?xml version="1.0" encoding="UTF-8"?>
<!DOCTYPE html PUBLIC "-//W3C//DTD XHTML 1.0 Transitional//EN"
    "http://www.w3.org/TR/xhtml1/DTD/xhtml1-transitional.dtd">
<html xmlns="http://www.w3.org/1999/xhtml" xml:lang="en" lang="en">
 <head>
  <title>
</title>
<meta http-equiv="Content-Type" content="text/html;charset=utf-8" />
  <meta name='ocr-system' content='tesseract 3.04.00' />
  <meta name='ocr-capabilities' content='ocr_page ocr_carea ocr_par ocr_line ocrx_word'/>
</head>
<body>
  <div class='ocr_page' id='page_1' title='image "./historiajemanaes00ruamuoft/historiajemanaes00ruamuoft_0020.png"; bbox 0 0 2055 2865; ppageno 0'>
   <div class='ocr_carea' id='block_1_1' title="bbox 1008 167 1018 183">
    <p class='ocr_par' dir='ltr' id='par_1_1' title="bbox 1008 167 1018 183">
     <span class='ocr_line' id='line_1_1' title="bbox 1008 167 1018 183; baseline 0 0"><span class='ocrx_word' id='word_1_1' title='bbox 1008 167 1018 183; x_wconf 70' lang='grc' dir='ltr'><em>Ι</em></span> 
     </span>
    </p>
   </div>
   <div class='ocr_carea' id='block_1_2' title="bbox 884 178 1143 201">
    <p class='ocr_par' dir='ltr' id='par_1_2' title="bbox 884 178 1143 201">
     <span class='ocr_line' id='line_1_2' title="bbox 884 178 1143 201; baseline -0.019 -4"><span class='ocrx_word' id='word_1_2' title='bbox 884 178 1143 201; x_wconf 69' lang='lat'>—4..-.</span> 
     </span>
    </p>
   </div>
   <div class='ocr_carea' id='block_1_3' title="bbox 185 260 1869 2024">
    <p class='ocr_par' dir='ltr' id='par_1_3' title="bbox 185 260 1856 431">
     <span class='ocr_line' id='line_1_3' title="bbox 185 260 1856 311; baseline -0.001 -11"><span class='ocrx_word' id='word_1_3' title='bbox 185 266 308 311; x_wconf 87' lang='lat' dir='ltr'><strong>Neque</strong></span> <span class='ocrx_word' id='word_1_4' title='bbox 329 265 436 310; x_wconf 88' lang='lat' dir='ltr'>hujus</span> <span class='ocrx_word' id='word_1_5' title='bbox 456 264 538 298; x_wconf 87' lang='lat' dir='ltr'>mali</span> <span class='ocrx_word' id='word_1_6' title='bbox 563 262 761 297; x_wconf 86' lang='lat' dir='ltr'>remedium</span> <span class='ocrx_word' id='word_1_7' title='bbox 787 266 937 296; x_wconf 85' lang='lat' dir='ltr'>noverat</span> <span class='ocrx_word' id='word_1_8' title='bbox 958 260 1137 296; x_wconf 86' lang='lat' dir='ltr'>Moradus:</span> <span class='ocrx_word' id='word_1_9' title='bbox 1165 260 1233 294; x_wconf 83' lang='lat' dir='ltr'>alia</span> <span class='ocrx_word' id='word_1_10' title='bbox 1262 271 1299 294; x_wconf 88' lang='lat' dir='ltr'>se</span> <span class='ocrx_word' id='word_1_11' title='bbox 1328 261 1466 296; x_wconf 86' lang='lat' dir='ltr'>nescire</span> <span class='ocrx_word' id='word_1_12' title='bbox 1487 262 1693 303; x_wconf 79' lang='lat' dir='ltr'><strong>simulabat,</strong></span> <span class='ocrx_word' id='word_1_13' title='bbox 1720 264 1787 299; x_wconf 84' lang='lat' dir='ltr'>alia</span> <span class='ocrx_word' id='word_1_14' title='bbox 1805 265 1856 300; x_wconf 86' lang='lat' dir='ltr'>in·</span> 
     </span>
     <span class='ocr_line' id='line_1_4' title="bbox 189 321 1855 371; baseline 0.001 -12"><span class='ocrx_word' id='word_1_15' title='bbox 189 327 282 360; x_wconf 86' lang='lat' dir='ltr'>vitus</span> <span class='ocrx_word' id='word_1_16' title='bbox 302 325 523 371; x_wconf 88' lang='lat' dir='ltr'>patiebatur,</span> <span class='ocrx_word' id='word_1_17' title='bbox 549 324 790 358; x_wconf 82' lang='lat' dir='ltr'>admonitione</span> <span class='ocrx_word' id='word_1_18' title='bbox 822 329 859 358; x_wconf 87' lang='lat' dir='ltr'>et</span> <span class='ocrx_word' id='word_1_19' title='bbox 887 323 992 358; x_wconf 88' lang='lat' dir='ltr'>minis</span> <span class='ocrx_word' id='word_1_20' title='bbox 1010 335 1114 362; x_wconf 84' lang='lat' dir='ltr'>usuS‚</span> <span class='ocrx_word' id='word_1_21' title='bbox 1140 321 1202 357; x_wconf 87' lang='lat' dir='ltr'>ubi</span> <span class='ocrx_word' id='word_1_22' title='bbox 1222 333 1278 356; x_wconf 86' lang='lat' dir='ltr'>res</span> <span class='ocrx_word' id='word_1_23' title='bbox 1296 321 1372 368; x_wconf 83' lang='lat' dir='ltr'>ipsa</span> <span class='ocrx_word' id='word_1_24' title='bbox 1392 324 1569 358; x_wconf 84' lang='lat' dir='ltr'>actionem</span> <span class='ocrx_word' id='word_1_25' title='bbox 1588 331 1625 359; x_wconf 87' lang='lat' dir='ltr'>et</span> <span class='ocrx_word' id='word_1_26' title='bbox 1645 326 1717 360; x_wconf 87' lang='lat' dir='ltr'>vim</span> <span class='ocrx_word' id='word_1_27' title='bbox 1734 337 1855 361; x_wconf 88' lang='lat' dir='ltr'>neees-</span> 
     </span>
     <span class='ocr_line' id='line_1_5' title="bbox 189 385 508 431; baseline -0.006 -11"><span class='ocrx_word' id='word_1_28' title='bbox 189 388 278 420; x_wconf 84' lang='lat' dir='ltr'>sario</span> <span class='ocrx_word' id='word_1_29' title='bbox 297 385 508 431; x_wconf 79' lang='lat' dir='ltr'>postulabat.</span> 
     </span>
    </p>

    <p class='ocr_par' dir='ltr' id='par_1_4' title="bbox 187 445 1869 2024">
     <span class='ocr_line' id='line_1_6' title="bbox 235 445 1854 492; baseline 0.001 -11"><span class='ocrx_word' id='word_1_30' title='bbox 235 447 401 492; x_wconf 88' lang='lat' dir='ltr'>Inprimis</span> <span class='ocrx_word' id='word_1_31' title='bbox 422 446 779 492; x_wconf 17' lang='lat' dir='ltr'>Zeiditaeffprineipes</span> <span class='ocrx_word' id='word_1_32' title='bbox 801 446 941 480; x_wconf 89' lang='lat' dir='ltr'>Sultani</span> <span class='ocrx_word' id='word_1_33' title='bbox 960 446 1131 492; x_wconf 85' lang='lat' dir='ltr'>obsequio</span> <span class='ocrx_word' id='word_1_34' title='bbox 1150 451 1187 480; x_wconf 87' lang='lat' dir='ltr'>et</span> <span class='ocrx_word' id='word_1_35' title='bbox 1206 445 1371 480; x_wconf 73' lang='lat' dir='ltr'>societati</span> <span class='ocrx_word' id='word_1_36' title='bbox 1391 457 1428 481; x_wconf 91' lang='lat' dir='ltr'>se</span> <span class='ocrx_word' id='word_1_37' title='bbox 1448 445 1658 480; x_wconf 80' lang='lat' dir='ltr'><strong>subtrahere</strong></span> <span class='ocrx_word' id='word_1_38' title='bbox 1680 448 1854 483; x_wconf 86' lang='lat' dir='ltr'>conaban-</span> 
     </span>
     <span class='ocr_line' id='line_1_7' title="bbox 191 507 1860 554; baseline 0.001 -11"><span class='ocrx_word' id='word_1_39' title='bbox 191 517 256 543; x_wconf 88' lang='lat' dir='ltr'>tur.</span> <span class='ocrx_word' id='word_1_40' title='bbox 308 508 454 542; x_wconf 83' lang='lat' dir='ltr'>Obierat</span> <span class='ocrx_word' id='word_1_41' title='bbox 472 507 748 546; x_wconf 84' lang='lat' dir='ltr'>Mothahherus,</span> <span class='ocrx_word' id='word_1_42' title='bbox 774 508 863 541; x_wconf 88' lang='lat' dir='ltr'>alter</span> <span class='ocrx_word' id='word_1_43' title='bbox 889 520 1012 541; x_wconf 90' lang='lat' dir='ltr'>eorum</span> <span class='ocrx_word' id='word_1_44' title='bbox 1041 508 1215 548; x_wconf 85' lang='lat' dir='ltr'>Imamus,</span> <span class='ocrx_word' id='word_1_45' title='bbox 1249 513 1420 554; x_wconf 80' lang='lat' dir='ltr'>regnante</span> <span class='ocrx_word' id='word_1_46' title='bbox 1450 507 1642 546; x_wconf 84' lang='lat' dir='ltr'>Behramo,</span> <span class='ocrx_word' id='word_1_47' title='bbox 1669 518 1761 541; x_wconf 90' lang='lat' dir='ltr'>anno</span> <span class='ocrx_word' id='word_1_48' title='bbox 1789 508 1860 544; x_wconf 83' lang='grc'>980</span> 
     </span>
     <span class='ocr_line' id='line_1_8' title="bbox 190 568 1854 615; baseline 0.001 -12"><span class='ocrx_word' id='word_1_49' title='bbox 190 568 305 611; x_wconf 79' lang='grc'><strong>(1572</strong></span> <span class='ocrx_word' id='word_1_50' title='bbox 322 589 359 596; x_wconf 80' lang='lat'><em>—</em></span> <span class='ocrx_word' id='word_1_51' title='bbox 373 569 437 613; x_wconf 87' lang='lat'>3),</span> <span class='ocrx_word' id='word_1_52' title='bbox 459 575 496 603; x_wconf 89' lang='lat' dir='ltr'>et</span> <span class='ocrx_word' id='word_1_53' title='bbox 515 575 595 614; x_wconf 91' lang='lat' dir='ltr'>post</span> <span class='ocrx_word' id='word_1_54' title='bbox 616 569 694 614; x_wconf 87' lang='lat' dir='ltr'>ejus</span> <span class='ocrx_word' id='word_1_55' title='bbox 714 575 863 602; x_wconf 88' lang='lat' dir='ltr'>mortem</span> <span class='ocrx_word' id='word_1_56' title='bbox 889 581 970 603; x_wconf 90' lang='lat' dir='ltr'>eum</span> <span class='ocrx_word' id='word_1_57' title='bbox 997 569 1092 603; x_wconf 87' lang='lat' dir='ltr'>illius</span> <span class='ocrx_word' id='word_1_58' title='bbox 1118 570 1276 603; x_wconf 82' lang='lat' dir='ltr'>Paschae</span> <span class='ocrx_word' id='word_1_59' title='bbox 1306 569 1486 615; x_wconf 89' lang='lat' dir='ltr'>potentia,</span> <span class='ocrx_word' id='word_1_60' title='bbox 1513 574 1589 602; x_wconf 88' lang='lat' dir='ltr'>tum</span> <span class='ocrx_word' id='word_1_61' title='bbox 1618 569 1795 604; x_wconf 82' lang='lat' dir='ltr'>discordia</span> <span class='ocrx_word' id='word_1_62' title='bbox 1815 570 1854 604; x_wconf 89' lang='lat' dir='ltr'>fi·</span> 
     </span>
     <span class='ocr_line' id='line_1_9' title="bbox 187 629 1860 676; baseline 0.001 -13"><span class='ocrx_word' id='word_1_63' title='bbox 187 631 316 664; x_wconf 90' lang='lat' dir='ltr'>liorum</span> <span class='ocrx_word' id='word_1_64' title='bbox 345 630 590 669; x_wconf 71' lang='lat' dir='ltr'>Moffiahheri,</span> <span class='ocrx_word' id='word_1_65' title='bbox 626 630 719 663; x_wconf 87' lang='lat' dir='ltr'>inter</span> <span class='ocrx_word' id='word_1_66' title='bbox 745 642 835 675; x_wconf 90' lang='lat' dir='ltr'>quos</span> <span class='ocrx_word' id='word_1_67' title='bbox 864 630 979 664; x_wconf 88' lang='lat' dir='ltr'>divisa</span> <span class='ocrx_word' id='word_1_68' title='bbox 1008 635 1084 663; x_wconf 84' lang='lat' dir='ltr'>erat</span> <span class='ocrx_word' id='word_1_69' title='bbox 1111 629 1220 675; x_wconf 91' lang='lat' dir='ltr'>hujus</span> <span class='ocrx_word' id='word_1_70' title='bbox 1249 630 1358 669; x_wconf 91' lang='lat' dir='ltr'>ditio,</span> <span class='ocrx_word' id='word_1_71' title='bbox 1385 630 1545 664; x_wconf 84' lang='lat' dir='ltr'>fecerant</span> <span class='ocrx_word' id='word_1_72' title='bbox 1573 635 1615 663; x_wconf 90' lang='lat' dir='ltr'>ut</span> <span class='ocrx_word' id='word_1_73' title='bbox 1642 629 1860 676; x_wconf 82' lang='lat' dir='ltr'>aliquamdiu</span> 
     </span>
     <span class='ocr_line' id='line_1_10' title="bbox 191 690 1860 737; baseline 0.001 -13"><span class='ocrx_word' id='word_1_74' title='bbox 191 690 435 730; x_wconf 87' lang='lat' dir='ltr'>Zeiditarum,</span> <span class='ocrx_word' id='word_1_75' title='bbox 469 691 559 724; x_wconf 88' lang='lat' dir='ltr'>nulli</span> <span class='ocrx_word' id='word_1_76' title='bbox 591 692 668 736; x_wconf 85' lang='lat' dir='ltr'>jam</span> <span class='ocrx_word' id='word_1_77' title='bbox 703 691 837 724; x_wconf 82' lang='lat' dir='ltr'>Imamo</span> <span class='ocrx_word' id='word_1_78' title='bbox 863 691 1162 736; x_wconf 87' lang='lat' dir='ltr'>obsequentium,</span> <span class='ocrx_word' id='word_1_79' title='bbox 1197 692 1251 725; x_wconf 86' lang='lat' dir='ltr'>vis</span> <span class='ocrx_word' id='word_1_80' title='bbox 1280 698 1317 725; x_wconf 88' lang='lat' dir='ltr'>et</span> <span class='ocrx_word' id='word_1_81' title='bbox 1350 691 1514 737; x_wconf 84' lang='lat' dir='ltr'>potentia</span> <span class='ocrx_word' id='word_1_82' title='bbox 1553 691 1860 726; x_wconf 83' lang='lat' dir='ltr'>comminueretur.</span> 
     </span>
     <span class='ocr_line' id='line_1_11' title="bbox 191 751 1861 798; baseline 0.002 -14"><span class='ocrx_word' id='word_1_83' title='bbox 191 751 310 796; x_wconf 89' lang='lat' dir='ltr'>Quum</span> <span class='ocrx_word' id='word_1_84' title='bbox 329 764 413 786; x_wconf 84' lang='lat' dir='ltr'>vero</span> <span class='ocrx_word' id='word_1_85' title='bbox 439 751 508 785; x_wconf 94' lang='lat' dir='ltr'>hoe</span> <span class='ocrx_word' id='word_1_86' title='bbox 534 758 691 797; x_wconf 88' lang='lat' dir='ltr'>tempore</span> <span class='ocrx_word' id='word_1_87' title='bbox 713 752 847 785; x_wconf 85' lang='lat' dir='ltr'>Moradi</span> <span class='ocrx_word' id='word_1_88' title='bbox 872 751 1096 785; x_wconf 82' lang='lat' dir='ltr'>imbecillitas</span> <span class='ocrx_word' id='word_1_89' title='bbox 1124 752 1284 796; x_wconf 86' lang='lat' dir='ltr'>pulcram</span> <span class='ocrx_word' id='word_1_90' title='bbox 1312 752 1500 798; x_wconf 85' lang='lat' dir='ltr'>praeberet</span> <span class='ocrx_word' id='word_1_91' title='bbox 1529 752 1734 797; x_wconf 84' lang='lat' dir='ltr'>insurgendi</span> <span class='ocrx_word' id='word_1_92' title='bbox 1762 764 1861 787; x_wconf 83' lang='lat' dir='ltr'>oeca-</span> 
     </span>
     <span class='ocr_line' id='line_1_12' title="bbox 192 812 1862 859; baseline 0.002 -14"><span class='ocrx_word' id='word_1_93' title='bbox 192 812 344 851; x_wconf 84' lang='lat' dir='ltr'>sionem,</span> <span class='ocrx_word' id='word_1_94' title='bbox 366 825 457 846; x_wconf 87' lang='lat' dir='ltr'>anno</span> <span class='ocrx_word' id='word_1_95' title='bbox 476 813 546 847; x_wconf 75' lang='lat'>986</span> <span class='ocrx_word' id='word_1_96' title='bbox 568 812 705 855; x_wconf 81' lang='lat'>(1578)</span> <span class='ocrx_word' id='word_1_97' title='bbox 727 812 888 845; x_wconf 90' lang='lat' dir='ltr'>Hasanus</span> <span class='ocrx_word' id='word_1_98' title='bbox 909 812 931 845; x_wconf 81' lang='lat' dir='ltr'>f.</span> <span class='ocrx_word' id='word_1_99' title='bbox 944 812 1018 845; x_wconf 88' lang='lat' dir='ltr'>Alii</span> <span class='ocrx_word' id='word_1_100' title='bbox 1031 812 1053 845; x_wconf 87' lang='lat' dir='ltr'>f.</span> <span class='ocrx_word' id='word_1_101' title='bbox 1077 812 1218 845; x_wconf 82' lang='lat' dir='ltr'>Daoudi</span> <span class='ocrx_word' id='word_1_102' title='bbox 1238 813 1457 857; x_wconf 87' lang='lat' dir='ltr'>al-Moajjedi</span> <span class='ocrx_word' id='word_1_103' title='bbox 1475 818 1506 851; x_wconf 74' lang='lat'>³,</span> <span class='ocrx_word' id='word_1_104' title='bbox 1532 813 1696 859; x_wconf 89' lang='lat' dir='ltr'>princeps</span> <span class='ocrx_word' id='word_1_105' title='bbox 1714 814 1862 849; x_wconf 90' lang='lat' dir='ltr'>Ahnou-</span> 
     </span>
     <span class='ocr_line' id='line_1_13' title="bbox 191 870 1861 917; baseline 0.001 -10"><span class='ocrx_word' id='word_1_106' title='bbox 191 874 239 906; x_wconf 88' lang='lat' dir='ltr'>mi</span> <span class='ocrx_word' id='word_1_107' title='bbox 256 873 270 895; x_wconf 77' lang='lat' dir='ltr'>b</span> <span class='ocrx_word' id='word_1_108' title='bbox 287 899 295 911; x_wconf 88' lang='lat'><em>,</em></span> <span class='ocrx_word' id='word_1_109' title='bbox 321 874 534 907; x_wconf 82' lang='lat' dir='ltr'>Imamatum</span> <span class='ocrx_word' id='word_1_110' title='bbox 550 872 721 917; x_wconf 82' lang='lat' dir='ltr'>surripuit</span> <span class='ocrx_word' id='word_1_111' title='bbox 739 877 776 905; x_wconf 93' lang='lat' dir='ltr'>et</span> <span class='ocrx_word' id='word_1_112' title='bbox 794 872 982 917; x_wconf 88' lang='lat' dir='ltr'>plerosque</span> <span class='ocrx_word' id='word_1_113' title='bbox 1010 870 1097 905; x_wconf 89' lang='lat' dir='ltr'>huic</span> <span class='ocrx_word' id='word_1_114' title='bbox 1122 877 1240 905; x_wconf 87' lang='lat' dir='ltr'>sectae</span> <span class='ocrx_word' id='word_1_115' title='bbox 1266 872 1428 905; x_wconf 86' lang='lat' dir='ltr'>addictos</span> <span class='ocrx_word' id='word_1_116' title='bbox 1446 873 1625 916; x_wconf 85' lang='lat' dir='ltr'>principes</span> <span class='ocrx_word' id='word_1_117' title='bbox 1644 874 1699 907; x_wconf 90' lang='lat' dir='ltr'>uti</span> <span class='ocrx_word' id='word_1_118' title='bbox 1719 880 1756 908; x_wconf 84' lang='lat' dir='ltr'>et</span> <span class='ocrx_word' id='word_1_119' title='bbox 1775 876 1861 909; x_wconf 87' lang='lat' dir='ltr'>alios</span> 
     </span>
     <span class='ocr_line' id='line_1_14' title="bbox 191 932 1864 970; baseline 0.002 -4"><span class='ocrx_word' id='word_1_120' title='bbox 191 940 253 968; x_wconf 88' lang='lat' dir='ltr'>aut</span> <span class='ocrx_word' id='word_1_121' title='bbox 267 934 442 968; x_wconf 82' lang='lat' dir='ltr'>libertatis</span> <span class='ocrx_word' id='word_1_122' title='bbox 463 939 525 967; x_wconf 85' lang='lat' dir='ltr'>aut</span> <span class='ocrx_word' id='word_1_123' title='bbox 542 932 727 967; x_wconf 89' lang='lat' dir='ltr'>seditionis</span> <span class='ocrx_word' id='word_1_124' title='bbox 747 933 904 967; x_wconf 83' lang='lat' dir='ltr'>fautores</span> <span class='ocrx_word' id='word_1_125' title='bbox 923 938 1051 967; x_wconf 81' lang='lat' dir='ltr'>nactus</span> <span class='ocrx_word' id='word_1_126' title='bbox 1082 939 1135 967; x_wconf 89' lang='lat' dir='ltr'>est</span> <span class='ocrx_word' id='word_1_127' title='bbox 1160 934 1284 968; x_wconf 85' lang='lat' dir='ltr'>socios.</span> <span class='ocrx_word' id='word_1_128' title='bbox 1334 932 1490 967; x_wconf 80' lang='lat' dir='ltr'>simulac</span> <span class='ocrx_word' id='word_1_129' title='bbox 1519 932 1614 966; x_wconf 91' lang='lat' dir='ltr'>enim</span> <span class='ocrx_word' id='word_1_130' title='bbox 1633 932 1806 968; x_wconf 86' lang='lat' dir='ltr'>Imamum</span> <span class='ocrx_word' id='word_1_131' title='bbox 1828 948 1864 970; x_wconf 76' lang='lat' dir='ltr'>se</span> 
     </span>
     <span class='ocr_line' id='line_1_15' title="bbox 193 992 1862 1040; baseline 0.001 -12"><span class='ocrx_word' id='word_1_132' title='bbox 193 1000 284 1028; x_wconf 79' lang='lat' dir='ltr'>esset</span> <span class='ocrx_word' id='word_1_133' title='bbox 303 995 500 1040; x_wconf 82' lang='lat' dir='ltr'>professus,</span> <span class='ocrx_word' id='word_1_134' title='bbox 526 995 571 1029; x_wconf 87' lang='lat' dir='ltr'>ad</span> <span class='ocrx_word' id='word_1_135' title='bbox 592 994 691 1028; x_wconf 89' lang='lat' dir='ltr'>illum</span> <span class='ocrx_word' id='word_1_136' title='bbox 711 1006 748 1028; x_wconf 92' lang='lat' dir='ltr'>se</span> <span class='ocrx_word' id='word_1_137' title='bbox 770 1000 1025 1028; x_wconf 86' lang='lat' dir='ltr'>converterunt</span> <span class='ocrx_word' id='word_1_138' title='bbox 1046 994 1274 1028; x_wconf 87' lang='lat' dir='ltr'>Mothahheri</span> <span class='ocrx_word' id='word_1_139' title='bbox 1301 994 1385 1032; x_wconf 90' lang='lat' dir='ltr'>filii,</span> <span class='ocrx_word' id='word_1_140' title='bbox 1416 992 1519 1027; x_wconf 91' lang='lat' dir='ltr'>Alius</span> <span class='ocrx_word' id='word_1_141' title='bbox 1541 993 1661 1039; x_wconf 81' lang='lat' dir='ltr'>Jahja,</span> <span class='ocrx_word' id='word_1_142' title='bbox 1689 993 1862 1030; x_wconf 86' lang='lat' dir='ltr'>Gautsed-</span> 
     </span>
     <span class='ocr_line' id='line_1_16' title="bbox 190 1053 1863 1101; baseline 0.001 -12"><span class='ocrx_word' id='word_1_143' title='bbox 190 1056 296 1089; x_wconf 85' lang='lat' dir='ltr'>dinus</span> <span class='ocrx_word' id='word_1_144' title='bbox 316 1060 330 1077; x_wconf 75' lang='lat'>⁰</span> <span class='ocrx_word' id='word_1_145' title='bbox 346 1081 354 1095; x_wconf 88' lang='lat'><em>,</em></span> <span class='ocrx_word' id='word_1_146' title='bbox 390 1055 703 1090; x_wconf 84' lang='lat' dir='ltr'>Abdarrahmanus</span> <span class='ocrx_word' id='word_1_147' title='bbox 731 1061 769 1089; x_wconf 90' lang='lat' dir='ltr'>et</span> <span class='ocrx_word' id='word_1_148' title='bbox 797 1056 944 1101; x_wconf 83' lang='lat' dir='ltr'>reliqui,</span> <span class='ocrx_word' id='word_1_149' title='bbox 974 1055 1029 1089; x_wconf 90' lang='lat' dir='ltr'>uti</span> <span class='ocrx_word' id='word_1_150' title='bbox 1055 1060 1092 1088; x_wconf 89' lang='lat' dir='ltr'>et</span> <span class='ocrx_word' id='word_1_151' title='bbox 1122 1054 1303 1089; x_wconf 87' lang='lat' dir='ltr'>Alunedes</span> <span class='ocrx_word' id='word_1_152' title='bbox 1324 1053 1347 1087; x_wconf 87' lang='lat' dir='ltr'>f.</span> <span class='ocrx_word' id='word_1_153' title='bbox 1364 1053 1513 1088; x_wconf 87' lang='lat' dir='ltr'>Hoseini</span> <span class='ocrx_word' id='word_1_154' title='bbox 1542 1054 1764 1100; x_wconf 84' lang='lat' dir='ltr'>al-Moajjedi</span> <span class='ocrx_word' id='word_1_155' title='bbox 1784 1063 1797 1079; x_wconf 58' lang='grc' dir='ltr'>ὅ</span> <span class='ocrx_word' id='word_1_156' title='bbox 1825 1063 1863 1091; x_wconf 86' lang='lat' dir='ltr'>et</span> 
     </span>
     <span class='ocr_line' id='line_1_17' title="bbox 190 1114 1862 1163; baseline 0.002 -13"><span class='ocrx_word' id='word_1_157' title='bbox 190 1122 331 1161; x_wconf 88' lang='lat' dir='ltr'>praeter</span> <span class='ocrx_word' id='word_1_158' title='bbox 355 1117 442 1150; x_wconf 89' lang='lat' dir='ltr'>alios</span> <span class='ocrx_word' id='word_1_159' title='bbox 472 1117 668 1163; x_wconf 87' lang='lat' dir='ltr'>complures</span> <span class='ocrx_word' id='word_1_160' title='bbox 697 1116 959 1150; x_wconf 87' lang='lat' dir='ltr'>Mohammedes</span> <span class='ocrx_word' id='word_1_161' title='bbox 989 1115 1012 1150; x_wconf 88' lang='lat' dir='ltr'>f.</span> <span class='ocrx_word' id='word_1_162' title='bbox 1041 1116 1155 1150; x_wconf 83' lang='lat' dir='ltr'>Nasiri</span> <span class='ocrx_word' id='word_1_163' title='bbox 1174 1115 1190 1139; x_wconf 79' lang='lat'>‘1</span> <span class='ocrx_word' id='word_1_164' title='bbox 1214 1116 1378 1162; x_wconf 83' lang='lat' dir='ltr'>princeps</span> <span class='ocrx_word' id='word_1_165' title='bbox 1404 1114 1531 1160; x_wconf 82' lang='lat' dir='ltr'>Djofae</span> <span class='ocrx_word' id='word_1_166' title='bbox 1548 1120 1572 1147; x_wconf 56' lang='grc' dir='ltr'>Β.</span> <span class='ocrx_word' id='word_1_167' title='bbox 1627 1115 1696 1149; x_wconf 91' lang='lat' dir='ltr'>IIie</span> <span class='ocrx_word' id='word_1_168' title='bbox 1724 1122 1862 1157; x_wconf 83' lang='lat' dir='ltr'>autem,</span> 
     </span>
     <span class='ocr_line' id='line_1_18' title="bbox 190 1176 1864 1223; baseline 0.001 -12"><span class='ocrx_word' id='word_1_169' title='bbox 190 1189 296 1223; x_wconf 89' lang='lat' dir='ltr'>quem</span> <span class='ocrx_word' id='word_1_170' title='bbox 335 1184 552 1223; x_wconf 88' lang='lat' dir='ltr'>postremum</span> <span class='ocrx_word' id='word_1_171' title='bbox 587 1178 864 1216; x_wconf 85' lang='lat' dir='ltr'>nominavimus,</span> <span class='ocrx_word' id='word_1_172' title='bbox 899 1177 1080 1223; x_wconf 87' lang='lat' dir='ltr'>duplicem</span> <span class='ocrx_word' id='word_1_173' title='bbox 1117 1177 1155 1212; x_wconf 88' lang='lat' dir='ltr'>in</span> <span class='ocrx_word' id='word_1_174' title='bbox 1186 1177 1257 1211; x_wconf 90' lang='lat' dir='ltr'>hoc</span> <span class='ocrx_word' id='word_1_175' title='bbox 1285 1189 1404 1212; x_wconf 90' lang='lat' dir='ltr'>rerum</span> <span class='ocrx_word' id='word_1_176' title='bbox 1432 1182 1528 1211; x_wconf 86' lang='lat' dir='ltr'>statu</span> <span class='ocrx_word' id='word_1_177' title='bbox 1564 1176 1638 1222; x_wconf 84' lang='lat' dir='ltr'>egit</span> <span class='ocrx_word' id='word_1_178' title='bbox 1668 1188 1864 1222; x_wconf 84' lang='lat' dir='ltr'>personam.</span> 
     </span>
     <span class='ocr_line' id='line_1_19' title="bbox 192 1238 1862 1285; baseline -0.001 -11"><span class='ocrx_word' id='word_1_179' title='bbox 192 1238 396 1274; x_wconf 84' lang='lat' dir='ltr'>Transierat</span> <span class='ocrx_word' id='word_1_180' title='bbox 420 1240 504 1274; x_wconf 87' lang='lat' dir='ltr'>olim</span> <span class='ocrx_word' id='word_1_181' title='bbox 529 1246 686 1285; x_wconf 88' lang='lat' dir='ltr'>tempore</span> <span class='ocrx_word' id='word_1_182' title='bbox 716 1239 881 1273; x_wconf 86' lang='lat' dir='ltr'>Behrami</span> <span class='ocrx_word' id='word_1_183' title='bbox 920 1239 1078 1273; x_wconf 84' lang='lat' dir='ltr'>Paschae</span> <span class='ocrx_word' id='word_1_184' title='bbox 1108 1239 1147 1273; x_wconf 93' lang='lat' dir='ltr'>in</span> <span class='ocrx_word' id='word_1_185' title='bbox 1176 1238 1315 1274; x_wconf 89' lang='lat' dir='ltr'>Sultani</span> <span class='ocrx_word' id='word_1_186' title='bbox 1339 1238 1551 1284; x_wconf 84' lang='lat' dir='ltr'>obsequium</span> <span class='ocrx_word' id='word_1_187' title='bbox 1579 1243 1617 1271; x_wconf 89' lang='lat' dir='ltr'>et</span> <span class='ocrx_word' id='word_1_188' title='bbox 1645 1238 1862 1282; x_wconf 76' lang='lat' dir='ltr'>elientelam3</span> 
     </span>
     <span class='ocr_line' id='line_1_20' title="bbox 192 1299 1867 1346; baseline 0 -11"><span class='ocrx_word' id='word_1_189' title='bbox 192 1313 300 1346; x_wconf 84' lang='lat' dir='ltr'>quam</span> <span class='ocrx_word' id='word_1_190' title='bbox 320 1301 365 1335; x_wconf 91' lang='lat' dir='ltr'>ob</span> <span class='ocrx_word' id='word_1_191' title='bbox 387 1313 528 1335; x_wconf 80' lang='lat' dir='ltr'>causam</span> <span class='ocrx_word' id='word_1_192' title='bbox 548 1301 789 1346; x_wconf 80' lang='lat' dir='ltr'>Sandjakbegi</span> <span class='ocrx_word' id='word_1_193' title='bbox 810 1299 823 1323; x_wconf 90' lang='lat' dir='ltr'>f</span> <span class='ocrx_word' id='word_1_194' title='bbox 842 1312 990 1334; x_wconf 88' lang='lat' dir='ltr'>munere</span> <span class='ocrx_word' id='word_1_195' title='bbox 1012 1300 1129 1334; x_wconf 87' lang='lat' dir='ltr'>fuerat</span> <span class='ocrx_word' id='word_1_196' title='bbox 1153 1300 1306 1335; x_wconf 86' lang='lat' dir='ltr'>donatus</span> <span class='ocrx_word' id='word_1_197' title='bbox 1333 1306 1369 1334; x_wconf 93' lang='lat' dir='ltr'>et</span> <span class='ocrx_word' id='word_1_198' title='bbox 1396 1299 1565 1345; x_wconf 88' lang='lat' dir='ltr'>stipendii</span> <span class='ocrx_word' id='word_1_199' title='bbox 1580 1299 1659 1333; x_wconf 92' lang='lat' dir='ltr'>loeo</span> <span class='ocrx_word' id='word_1_200' title='bbox 1679 1307 1867 1346; x_wconf 83' lang='lat' dir='ltr'>acceperat</span> 
     </span>
     <span class='ocr_line' id='line_1_21' title="bbox 192 1360 1866 1408; baseline 0.001 -14"><span class='ocrx_word' id='word_1_201' title='bbox 192 1368 406 1406; x_wconf 83' lang='lat' dir='ltr'>proventum</span> <span class='ocrx_word' id='word_1_202' title='bbox 421 1363 575 1407; x_wconf 82' lang='lat' dir='ltr'>regionis</span> <span class='ocrx_word' id='word_1_203' title='bbox 596 1362 765 1408; x_wconf 86' lang='lat' dir='ltr'>urbisque</span> <span class='ocrx_word' id='word_1_204' title='bbox 784 1362 905 1397; x_wconf 84' lang='lat' dir='ltr'>Rodae</span> <span class='ocrx_word' id='word_1_205' title='bbox 922 1368 946 1395; x_wconf 71' lang='grc' dir='ltr'>ἔ.</span> <span class='ocrx_word' id='word_1_206' title='bbox 996 1362 1084 1396; x_wconf 90' lang='lat' dir='ltr'>Cum</span> <span class='ocrx_word' id='word_1_207' title='bbox 1097 1367 1217 1396; x_wconf 90' lang='lat' dir='ltr'>autem</span> <span class='ocrx_word' id='word_1_208' title='bbox 1244 1373 1340 1395; x_wconf 88' lang='lat' dir='ltr'>nune</span> <span class='ocrx_word' id='word_1_209' title='bbox 1359 1373 1378 1395; x_wconf 93' lang='lat' dir='ltr'>a</span> <span class='ocrx_word' id='word_1_210' title='bbox 1396 1361 1543 1395; x_wconf 81' lang='lat' dir='ltr'>Sultano</span> <span class='ocrx_word' id='word_1_211' title='bbox 1563 1360 1794 1400; x_wconf 82' lang='lat' dir='ltr'>descisceret,</span> <span class='ocrx_word' id='word_1_212' title='bbox 1822 1362 1866 1395; x_wconf 85' lang='lat' dir='ltr'>ab</span> 
     </span>
     <span class='ocr_line' id='line_1_22' title="bbox 193 1414 1866 1468; baseline -0.001 -11"><span class='ocrx_word' id='word_1_213' title='bbox 193 1425 327 1458; x_wconf 84' lang='lat' dir='ltr'>lmamo</span> <span class='ocrx_word' id='word_1_214' title='bbox 349 1424 489 1457; x_wconf 86' lang='lat' dir='ltr'>Hasano</span> <span class='ocrx_word' id='word_1_215' title='bbox 509 1423 705 1468; x_wconf 87' lang='lat' dir='ltr'>praemium</span> <span class='ocrx_word' id='word_1_216' title='bbox 721 1423 883 1468; x_wconf 87' lang='lat' dir='ltr'>obsequii</span> <span class='ocrx_word' id='word_1_217' title='bbox 903 1424 1066 1468; x_wconf 85' lang='lat' dir='ltr'>poposcit</span> <span class='ocrx_word' id='word_1_218' title='bbox 1086 1429 1122 1456; x_wconf 86' lang='lat' dir='ltr'>et</span> <span class='ocrx_word' id='word_1_219' title='bbox 1137 1427 1262 1456; x_wconf 86' lang='lat' dir='ltr'>nactus</span> <span class='ocrx_word' id='word_1_220' title='bbox 1283 1427 1336 1455; x_wconf 88' lang='lat' dir='ltr'>est</span> <span class='ocrx_word' id='word_1_221' title='bbox 1352 1421 1478 1455; x_wconf 87' lang='lat' dir='ltr'>urbem</span> <span class='ocrx_word' id='word_1_222' title='bbox 1507 1422 1655 1455; x_wconf 89' lang='lat' dir='ltr'>Saadam</span> <span class='ocrx_word' id='word_1_223' title='bbox 1676 1422 1689 1445; x_wconf 85' lang='lat'>¹¹</span> <span class='ocrx_word' id='word_1_224' title='bbox 1707 1436 1715 1465; x_wconf 79' lang='lat'><em>3</em></span> <span class='ocrx_word' id='word_1_225' title='bbox 1742 1414 1866 1468; x_wconf 84' lang='lat' dir='ltr'>quam,</span> 
     </span>
     <span class='ocr_line' id='line_1_23' title="bbox 193 1481 1868 1528; baseline 0 -11"><span class='ocrx_word' id='word_1_226' title='bbox 193 1485 407 1519; x_wconf 83' lang='lat' dir='ltr'>connivente</span> <span class='ocrx_word' id='word_1_227' title='bbox 438 1484 599 1522; x_wconf 78' lang='lat' dir='ltr'>Hasano,</span> <span class='ocrx_word' id='word_1_228' title='bbox 636 1484 768 1528; x_wconf 88' lang='lat' dir='ltr'>eripuit</span> <span class='ocrx_word' id='word_1_229' title='bbox 794 1483 951 1516; x_wconf 79' lang='lat' dir='ltr'>Ahmedi</span> <span class='ocrx_word' id='word_1_230' title='bbox 981 1482 1004 1517; x_wconf 85' lang='lat' dir='ltr'>f.</span> <span class='ocrx_word' id='word_1_231' title='bbox 1026 1482 1184 1516; x_wconf 87' lang='lat' dir='ltr'>Hoseini.</span> <span class='ocrx_word' id='word_1_232' title='bbox 1246 1482 1392 1515; x_wconf 85' lang='lat' dir='ltr'>Interea</span> <span class='ocrx_word' id='word_1_233' title='bbox 1419 1493 1504 1514; x_wconf 80' lang='lat' dir='ltr'>vero</span> <span class='ocrx_word' id='word_1_234' title='bbox 1529 1481 1615 1514; x_wconf 88' lang='lat' dir='ltr'>dum</span> <span class='ocrx_word' id='word_1_235' title='bbox 1642 1481 1711 1514; x_wconf 90' lang='lat' dir='ltr'>hae</span> <span class='ocrx_word' id='word_1_236' title='bbox 1737 1483 1868 1517; x_wconf 69' lang='lat' dir='ltr'>celebri</span> 
     </span>
     <span class='ocr_line' id='line_1_24' title="bbox 191 1541 1866 1592; baseline -0.001 -11"><span class='ocrx_word' id='word_1_237' title='bbox 191 1547 277 1581; x_wconf 87' lang='lat' dir='ltr'>urbe</span> <span class='ocrx_word' id='word_1_238' title='bbox 298 1547 489 1592; x_wconf 85' lang='lat' dir='ltr'>potiretur,</span> <span class='ocrx_word' id='word_1_239' title='bbox 517 1546 555 1579; x_wconf 90' lang='lat' dir='ltr'>in</span> <span class='ocrx_word' id='word_1_240' title='bbox 573 1545 709 1579; x_wconf 72' lang='lat' dir='ltr'>Moradi</span> <span class='ocrx_word' id='word_1_241' title='bbox 726 1544 883 1578; x_wconf 81' lang='lat' dir='ltr'>Paschae</span> <span class='ocrx_word' id='word_1_242' title='bbox 904 1544 1075 1578; x_wconf 83' lang='lat' dir='ltr'>societate</span> <span class='ocrx_word' id='word_1_243' title='bbox 1095 1553 1278 1577; x_wconf 85' lang='lat' dir='ltr'>remanere</span> <span class='ocrx_word' id='word_1_244' title='bbox 1300 1546 1447 1577; x_wconf 85' lang='lat' dir='ltr'>conatus</span> <span class='ocrx_word' id='word_1_245' title='bbox 1467 1547 1540 1579; x_wconf 83' lang='lat' dir='ltr'>est,</span> <span class='ocrx_word' id='word_1_246' title='bbox 1567 1541 1701 1576; x_wconf 84' lang='lat' dir='ltr'>veritus</span> <span class='ocrx_word' id='word_1_247' title='bbox 1729 1555 1775 1579; x_wconf 89' lang='lat' dir='ltr'>ne</span> <span class='ocrx_word' id='word_1_248' title='bbox 1799 1544 1866 1580; x_wconf 87' lang='lat' dir='ltr'>Ro-</span> 
     </span>
     <span class='ocr_line' id='line_1_25' title="bbox 192 1602 1869 1651; baseline -0.002 -11"><span class='ocrx_word' id='word_1_249' title='bbox 192 1608 258 1641; x_wconf 80' lang='lat' dir='ltr'>dae</span> <span class='ocrx_word' id='word_1_250' title='bbox 287 1611 482 1651; x_wconf 88' lang='lat' dir='ltr'>proventus</span> <span class='ocrx_word' id='word_1_251' title='bbox 512 1605 580 1638; x_wconf 85' lang='lat' dir='ltr'>sibi</span> <span class='ocrx_word' id='word_1_252' title='bbox 605 1606 820 1649; x_wconf 86' lang='lat' dir='ltr'>eriperetur:</span> <span class='ocrx_word' id='word_1_253' title='bbox 852 1609 1069 1648; x_wconf 89' lang='lat' dir='ltr'>quapropter</span> <span class='ocrx_word' id='word_1_254' title='bbox 1100 1603 1218 1636; x_wconf 83' lang='lat' dir='ltr'>fallaci</span> <span class='ocrx_word' id='word_1_255' title='bbox 1252 1614 1338 1635; x_wconf 83' lang='lat' dir='ltr'>usus</span> <span class='ocrx_word' id='word_1_256' title='bbox 1367 1613 1526 1635; x_wconf 86' lang='lat' dir='ltr'>sermone</span> <span class='ocrx_word' id='word_1_257' title='bbox 1564 1602 1746 1636; x_wconf 84' lang='lat' dir='ltr'>Hasanuln</span> <span class='ocrx_word' id='word_1_258' title='bbox 1774 1604 1869 1648; x_wconf 87' lang='lat' dir='ltr'>apud</span> 
     </span>
     <span class='ocr_line' id='line_1_26' title="bbox 194 1662 1867 1707; baseline -0.004 -5"><span class='ocrx_word' id='word_1_259' title='bbox 194 1668 367 1702; x_wconf 86' lang='lat' dir='ltr'>Paseham</span> <span class='ocrx_word' id='word_1_260' title='bbox 383 1664 513 1699; x_wconf 89' lang='lat' dir='ltr'>detulit</span> <span class='ocrx_word' id='word_1_261' title='bbox 529 1671 583 1703; x_wconf 86' lang='lat' dir='ltr'>et,</span> <span class='ocrx_word' id='word_1_262' title='bbox 609 1665 748 1697; x_wconf 84' lang='lat' dir='ltr'>blandis</span> <span class='ocrx_word' id='word_1_263' title='bbox 773 1664 870 1697; x_wconf 89' lang='lat' dir='ltr'>hune</span> <span class='ocrx_word' id='word_1_264' title='bbox 890 1663 1053 1697; x_wconf 85' lang='lat' dir='ltr'>irretiens</span> <span class='ocrx_word' id='word_1_265' title='bbox 1070 1663 1206 1701; x_wconf 87' lang='lat' dir='ltr'>verbis,</span> <span class='ocrx_word' id='word_1_266' title='bbox 1232 1662 1352 1697; x_wconf 86' lang='lat' dir='ltr'>Rodae</span> <span class='ocrx_word' id='word_1_267' title='bbox 1376 1668 1590 1707; x_wconf 72' lang='lat' dir='ltr'>proventum</span> <span class='ocrx_word' id='word_1_268' title='bbox 1615 1663 1765 1697; x_wconf 81' lang='lat' dir='ltr'>retinuit</span> <span class='ocrx_word' id='word_1_269' title='bbox 1786 1675 1867 1697; x_wconf 88' lang='lat' dir='ltr'>eum</span> 
     </span>
     <span class='ocr_line' id='line_1_27' title="bbox 193 1723 1867 1773; baseline -0.003 -10"><span class='ocrx_word' id='word_1_270' title='bbox 193 1729 326 1766; x_wconf 79' lang='lat' dir='ltr'>Saadae</span> <span class='ocrx_word' id='word_1_271' title='bbox 345 1726 564 1773; x_wconf 72' lang='lat' dir='ltr'>possessione</span> <span class='ocrx_word' id='word_1_272' title='bbox 585 1726 727 1771; x_wconf 86' lang='lat' dir='ltr'>injusta.</span> <span class='ocrx_word' id='word_1_273' title='bbox 777 1726 807 1759; x_wconf 89' lang='lat' dir='ltr'>N</span> <span class='ocrx_word' id='word_1_274' title='bbox 810 1736 851 1758; x_wconf 91' lang='lat' dir='ltr'>ec</span> <span class='ocrx_word' id='word_1_275' title='bbox 872 1730 989 1758; x_wconf 86' lang='lat' dir='ltr'>tamen</span> <span class='ocrx_word' id='word_1_276' title='bbox 1008 1724 1071 1757; x_wconf 91' lang='lat' dir='ltr'>diu</span> <span class='ocrx_word' id='word_1_277' title='bbox 1089 1724 1221 1758; x_wconf 79' lang='lat' dir='ltr'>Saadae</span> <span class='ocrx_word' id='word_1_278' title='bbox 1237 1723 1477 1769; x_wconf 86' lang='lat' dir='ltr'>principatum</span> <span class='ocrx_word' id='word_1_279' title='bbox 1496 1723 1631 1764; x_wconf 88' lang='lat' dir='ltr'>tenuit;</span> <span class='ocrx_word' id='word_1_280' title='bbox 1656 1735 1738 1757; x_wconf 89' lang='lat' dir='ltr'>nam</span> <span class='ocrx_word' id='word_1_281' title='bbox 1755 1736 1867 1770; x_wconf 85' lang='lat' dir='ltr'>quum</span> 
     </span>
     <span class='ocr_line' id='line_1_28' title="bbox 197 1783 1867 1829; baseline -0.004 -5"><span class='ocrx_word' id='word_1_282' title='bbox 197 1790 324 1826; x_wconf 86' lang='lat' dir='ltr'>Imami</span> <span class='ocrx_word' id='word_1_283' title='bbox 347 1789 480 1823; x_wconf 82' lang='lat' dir='ltr'>llasani</span> <span class='ocrx_word' id='word_1_284' title='bbox 500 1787 675 1821; x_wconf 66' lang='lat' dir='ltr'>exereitus</span> <span class='ocrx_word' id='word_1_285' title='bbox 705 1786 750 1819; x_wconf 79' lang='lat' dir='ltr'>ab</span> <span class='ocrx_word' id='word_1_286' title='bbox 781 1786 973 1819; x_wconf 87' lang='lat' dir='ltr'>lzzeddino</span> <span class='ocrx_word' id='word_1_287' title='bbox 999 1785 1244 1819; x_wconf 88' lang='lat' dir='ltr'>Mohammede</span> <span class='ocrx_word' id='word_1_288' title='bbox 1274 1784 1434 1829; x_wconf 87' lang='lat' dir='ltr'>principe</span> <span class='ocrx_word' id='word_1_289' title='bbox 1461 1783 1682 1823; x_wconf 85' lang='lat' dir='ltr'>Caueabani,</span> <span class='ocrx_word' id='word_1_290' title='bbox 1708 1783 1867 1819; x_wconf 88' lang='lat' dir='ltr'>Paschae</span> 
     </span>
     <span class='ocr_line' id='line_1_29' title="bbox 198 1844 1869 1896; baseline -0.007 -6"><span class='ocrx_word' id='word_1_291' title='bbox 198 1857 309 1893; x_wconf 84' lang='lat' dir='ltr'>socio,</span> <span class='ocrx_word' id='word_1_292' title='bbox 335 1858 410 1887; x_wconf 84' lang='lat' dir='ltr'>erat</span> <span class='ocrx_word' id='word_1_293' title='bbox 436 1849 644 1896; x_wconf 78' lang='lat' dir='ltr'>profligatus</span> <span class='ocrx_word' id='word_1_294' title='bbox 671 1853 707 1882; x_wconf 88' lang='lat' dir='ltr'>et</span> <span class='ocrx_word' id='word_1_295' title='bbox 731 1847 808 1885; x_wconf 79' lang='lat' dir='ltr'>ille,</span> <span class='ocrx_word' id='word_1_296' title='bbox 834 1847 974 1880; x_wconf 90' lang='lat' dir='ltr'>modico</span> <span class='ocrx_word' id='word_1_297' title='bbox 1002 1847 1135 1881; x_wconf 87' lang='lat' dir='ltr'>Saadae</span> <span class='ocrx_word' id='word_1_298' title='bbox 1160 1845 1336 1891; x_wconf 87' lang='lat' dir='ltr'>praesidio</span> <span class='ocrx_word' id='word_1_299' title='bbox 1363 1845 1504 1884; x_wconf 87' lang='lat' dir='ltr'>relicto,</span> <span class='ocrx_word' id='word_1_300' title='bbox 1530 1845 1568 1878; x_wconf 93' lang='lat' dir='ltr'>in</span> <span class='ocrx_word' id='word_1_301' title='bbox 1596 1844 1730 1879; x_wconf 88' lang='lat' dir='ltr'>Hasani</span> <span class='ocrx_word' id='word_1_302' title='bbox 1758 1844 1869 1878; x_wconf 80' lang='lat' dir='ltr'>subsi-</span> 
     </span>
     <span class='ocr_line' id='line_1_30' title="bbox 196 1905 1868 1952; baseline -0.008 -1"><span class='ocrx_word' id='word_1_303' title='bbox 196 1914 295 1952; x_wconf 82' lang='lat' dir='ltr'>dium</span> <span class='ocrx_word' id='word_1_304' title='bbox 315 1917 534 1949; x_wconf 82' lang='lat' dir='ltr'>accurrerat,</span> <span class='ocrx_word' id='word_1_305' title='bbox 561 1911 690 1943; x_wconf 89' lang='lat' dir='ltr'>iterum</span> <span class='ocrx_word' id='word_1_306' title='bbox 716 1909 760 1942; x_wconf 92' lang='lat' dir='ltr'>ab</span> <span class='ocrx_word' id='word_1_307' title='bbox 789 1908 952 1942; x_wconf 88' lang='lat' dir='ltr'>Ahmede</span> <span class='ocrx_word' id='word_1_308' title='bbox 981 1907 1131 1952; x_wconf 84' lang='lat' dir='ltr'>pristino</span> <span class='ocrx_word' id='word_1_309' title='bbox 1159 1907 1236 1952; x_wconf 84' lang='lat' dir='ltr'>ejus</span> <span class='ocrx_word' id='word_1_310' title='bbox 1265 1905 1408 1939; x_wconf 86' lang='lat' dir='ltr'>domino</span> <span class='ocrx_word' id='word_1_311' title='bbox 1442 1906 1555 1939; x_wconf 80' lang='lat' dir='ltr'>Saada</span> <span class='ocrx_word' id='word_1_312' title='bbox 1583 1912 1637 1939; x_wconf 87' lang='lat' dir='ltr'>est</span> <span class='ocrx_word' id='word_1_313' title='bbox 1661 1911 1868 1951; x_wconf 82' lang='lat' dir='ltr'>expugnata.</span> 
     </span>
     <span class='ocr_line' id='line_1_31' title="bbox 197 1964 1869 2024; baseline -0.007 -14"><span class='ocrx_word' id='word_1_314' title='bbox 197 1980 392 2024; x_wconf 85' lang='lat' dir='ltr'>Eapropter</span> <span class='ocrx_word' id='word_1_315' title='bbox 421 1973 530 2007; x_wconf 85' lang='lat' dir='ltr'>vertit</span> <span class='ocrx_word' id='word_1_316' title='bbox 556 1984 591 2005; x_wconf 91' lang='lat' dir='ltr'>sc</span> <span class='ocrx_word' id='word_1_317' title='bbox 622 1970 884 2004; x_wconf 88' lang='lat' dir='ltr'>Mohammedes</span> <span class='ocrx_word' id='word_1_318' title='bbox 913 1969 935 2003; x_wconf 86' lang='lat' dir='ltr'>f.</span> <span class='ocrx_word' id='word_1_319' title='bbox 965 1969 1080 2002; x_wconf 88' lang='lat' dir='ltr'>Nasiri</span> <span class='ocrx_word' id='word_1_320' title='bbox 1110 1969 1154 2003; x_wconf 87' lang='lat' dir='ltr'>ad</span> <span class='ocrx_word' id='word_1_321' title='bbox 1182 1974 1335 2002; x_wconf 88' lang='lat' dir='ltr'>tractum</span> <span class='ocrx_word' id='word_1_322' title='bbox 1364 1967 1543 2002; x_wconf 87' lang='lat' dir='ltr'>Dhahirae</span> <span class='ocrx_word' id='word_1_323' title='bbox 1573 1964 1792 2000; x_wconf 78' lang='lat' dir='ltr'>Hamadanii</span> <span class='ocrx_word' id='word_1_324' title='bbox 1819 1972 1869 1999; x_wconf 87' lang='lat' dir='ltr'>at-</span> 
     </span>
    </p>
   </div>
   <div class='ocr_carea' id='block_1_4' title="bbox 197 2023 1873 2117">
    <p class='ocr_par' dir='ltr' id='par_1_5' title="bbox 197 2023 1873 2117">
     <span class='ocr_line' id='line_1_32' title="bbox 197 2023 1870 2086; baseline -0.011 -13"><span class='ocrx_word' id='word_1_325' title='bbox 197 2051 286 2086; x_wconf 87' lang='lat' dir='ltr'>que,</span> <span class='ocrx_word' id='word_1_326' title='bbox 321 2037 407 2071; x_wconf 85' lang='lat' dir='ltr'>dum</span> <span class='ocrx_word' id='word_1_327' title='bbox 436 2034 481 2069; x_wconf 85' lang='lat' dir='ltr'>ad</span> <span class='ocrx_word' id='word_1_328' title='bbox 505 2032 679 2069; x_wconf 65' lang='lat' dir='ltr'>pascham</span> <span class='ocrx_word' id='word_1_329' title='bbox 705 2031 839 2070; x_wconf 81' lang='lat' dir='ltr'>literas,</span> <span class='ocrx_word' id='word_1_330' title='bbox 866 2030 1029 2077; x_wconf 80' lang='lat' dir='ltr'>obsequii</span> <span class='ocrx_word' id='word_1_331' title='bbox 1046 2030 1108 2065; x_wconf 83' lang='lat' dir='ltr'>sui</span> <span class='ocrx_word' id='word_1_332' title='bbox 1141 2029 1401 2067; x_wconf 88' lang='lat' dir='ltr'>testimonium,</span> <span class='ocrx_word' id='word_1_333' title='bbox 1435 2026 1620 2066; x_wconf 87' lang='lat' dir='ltr'>mittebat,</span> <span class='ocrx_word' id='word_1_334' title='bbox 1647 2023 1870 2060; x_wconf 84' lang='lat' dir='ltr'>Dhahiranos</span> 
     </span>
     <span class='ocr_line' id='line_1_33' title="bbox 1829 2097 1873 2117; baseline 0.023 -1"><span class='ocrx_word' id='word_1_335' title='bbox 1829 2097 1873 2117; x_wconf 52' lang='lat'>&gt;21-</span> 
     </span>
    </p>
   </div>
   <div class='ocr_carea' id='block_1_5' title="bbox 203 2145 494 2159">
    <p class='ocr_par' dir='ltr' id='par_1_6' title="bbox 203 2145 494 2159">
     <span class='ocr_line' id='line_1_34' title="bbox 203 2145 494 2159; baseline 0 706"><span class='ocrx_word' id='word_1_336' title='bbox 203 2145 494 2159; x_wconf 95' lang='lat' dir='ltr'> </span> 
     </span>
    </p>
   </div>
   <div class='ocr_carea' id='block_1_6' title="bbox 253 2183 1804 2263">
    <p class='ocr_par' dir='ltr' id='par_1_7' title="bbox 253 2183 1804 2263">
     <span class='ocr_line' id='line_1_35' title="bbox 253 2183 1804 2263; baseline -0.01 -17"><span class='ocrx_word' id='word_1_337' title='bbox 253 2220 264 2237; x_wconf 74' lang='lat' dir='ltr'><strong>a</strong></span> <span class='ocrx_word' id='word_1_338' title='bbox 284 2193 441 2257; x_wconf 48' lang='lat' dir='ltr'>&amp;agat</span> <span class='ocrx_word' id='word_1_339' title='bbox 614 2208 629 2232; x_wconf 68' lang='lat' dir='ltr'>b</span> <span class='ocrx_word' id='word_1_340' title='bbox 647 2208 764 2258; x_wconf 53' lang='lat' dir='ltr'>fflss.</span> <span class='ocrx_word' id='word_1_341' title='bbox 929 2213 943 2230; x_wconf 82' lang='lat' dir='ltr'>c</span> <span class='ocrx_word' id='word_1_342' title='bbox 960 2207 1059 2257; x_wconf 51' lang='lat' dir='ltr'>320„ss</span> <span class='ocrx_word' id='word_1_343' title='bbox 1086 2193 1170 2251; x_wconf 47' lang='lat' dir='ltr'>Lfi</span> <span class='ocrx_word' id='word_1_344' title='bbox 1337 2193 1475 2263; x_wconf 36' lang='lat' dir='ltr'>aguis,</span> <span class='ocrx_word' id='word_1_345' title='bbox 1642 2208 1654 2225; x_wconf 81' lang='lat' dir='ltr'>e</span> <span class='ocrx_word' id='word_1_346' title='bbox 1673 2183 1804 2244; x_wconf 46' lang='lat' dir='ltr'>2:52}ss-</span> 
     </span>
    </p>
   </div>
   <div class='ocr_carea' id='block_1_7' title="bbox 254 2275 1542 2345">
    <p class='ocr_par' dir='ltr' id='par_1_8' title="bbox 254 2275 1542 2345">
     <span class='ocr_line' id='line_1_36' title="bbox 254 2275 1542 2345; baseline -0.012 -10"><span class='ocrx_word' id='word_1_347' title='bbox 254 2295 264 2319; x_wconf 76' lang='lat' dir='ltr'>f</span> <span class='ocrx_word' id='word_1_348' title='bbox 288 2285 360 2345; x_wconf 40' lang='grc' dir='ltr'>ὅς</span> <span class='ocrx_word' id='word_1_349' title='bbox 385 2296 530 2337; x_wconf 44' lang='lat' dir='ltr'>domm.</span> <span class='ocrx_word' id='word_1_350' title='bbox 696 2296 711 2320; x_wconf 66' lang='lat' dir='ltr'><strong>g</strong></span> <span class='ocrx_word' id='word_1_351' title='bbox 727 2276 803 2343; x_wconf 53' lang='lat'><em>053).</em></span> <span class='ocrx_word' id='word_1_352' title='bbox 976 2290 990 2313; x_wconf 81' lang='lat'>¹¹</span> <span class='ocrx_word' id='word_1_353' title='bbox 1009 2275 1112 2325; x_wconf 51' lang='lat' dir='ltr'>maim.</span> <span class='ocrx_word' id='word_1_354' title='bbox 1277 2285 1286 2311; x_wconf 71' lang='lat' dir='ltr'>i</span> <span class='ocrx_word' id='word_1_355' title='bbox 1313 2288 1427 2337; x_wconf 48' lang='lat' dir='ltr'>Ulcus</span> <span class='ocrx_word' id='word_1_356' title='bbox 1451 2283 1542 2333; x_wconf 51' lang='lat' dir='ltr'>satta.</span> 
     </span>
    </p>
   </div>
  </div>
 </body>
</html>
