2055 2865
225 232 486 269 conturbatam,
521 243 584 276 per
615 230 854 265 Omm-Lailae
880 230 1102 264 obsidionem
1132 231 1354 264 occasionem
1375 244 1412 266 se
1436 234 1612 269 invenisse
1637 240 1734 269 ratus
1759 242 1811 269 est
1827 248 1881 269 re-

224 292 395 327 stituendi
426 302 500 323 rem
527 290 816 335 Moajjeditarum
843 290 887 324 ad
915 290 1100 324 interitum
1120 297 1334 335 vergentema
1385 293 1495 327 Irruit
1513 295 1572 328 hic
1592 307 1672 329 cum
1690 296 1813 340 paucis
1833 307 1882 329 aa·

229 351 329 384 seclis
348 350 384 382 in
402 355 555 384 tractum
574 356 783 384 montanum
809 351 981 384 Razihum
1007 351 1171 397 illiusque
1198 352 1350 398 regionis
1375 353 1506 387 incolas
1534 356 1741 390 convocavit
1767 356 1811 390 ad
1830 368 1885 389 re-

226 411 464 455 cuperandam
483 416 519 444 et
537 411 789 444 vindicandam
806 410 1027 447 libertatem,
1053 422 1160 455 quam
1190 423 1270 445 curn
1286 424 1412 457 magno
1434 413 1591 458 ipsorum
1608 415 1782 450 dedecore
1801 417 1887 450 arni-

226 475 360 502 serant:
389 483 424 503 se
452 477 494 505 ut
529 471 658 505 ducem
683 476 917 516 sequerentur
936 470 1119 515 instigavit
1154 478 1190 505 et
1227 484 1347 506 seeum
1373 472 1505 507 bellum
1532 480 1698 519 gererent*
1720 476 1887 509 adversus

224 530 384 564 odiosum
404 531 492 566 illud
505 533 754 567 Otsmanorum
774 531 979 576 imperium:
1002 531 1136 565 Imamo
1147 533 1287 567 Hasano
1299 559 1307 572 ,
1334 533 1393 566 cui
1413 540 1449 567 et
1467 535 1541 579 ipse
1560 534 1713 568 libenter
1722 535 1886 579 parebat,

222 591 366 624 nomina
395 592 540 626 darent:
575 588 672 626 hane·
696 593 790 627 viam
818 605 893 626 esse
921 592 965 625 ad
993 591 1256 628 beatitudinem
1273 620 1280 633 ‚
1313 606 1405 640 quae
1432 595 1507 628 sine
1529 595 1696 629 libertate
1715 596 1760 629 sit
1779 596 1885 629 nulla.

223 651 327 684 Multi
352 657 437 684 tune
466 654 543 697 ejus
570 653 714 686 monitis
743 652 1037 685 auscultaverunt
1064 657 1101 684 et
1129 663 1210 685 eum
1236 654 1300 686 illo»
1322 665 1397 687 sese
1416 655 1678 699 conjunxerunt
1693 656 1737 689 ad
1755 656 1886 689 bellum

223 710 392 743 adversus
409 711 582 746 Pascham
600 713 740 745 fortiter
757 711 952 756 gerendum
962 725 970 753 3
997 723 1149 756 quorum
1166 724 1333 746 numerus
1347 714 1440 747 intra
1456 715 1702 749 brevissimum
1724 716 1889 760 temporis

223 771 376 816 spatium
392 771 442 804 ita
467 771 638 809 increvit,
664 777 706 804 ut
724 771 885 805 modicae
912 771 1169 816 magnitudinis
1198 773 1392 806 exercitum
1423 775 1688 819 comparaverit.
1738 775 1889 808 Litteras

215 837 309 864 -tunc
326 830 427 863 dedit
448 831 596 864 Selahus
615 830 638 863 f·
661 830 735 863 Alii
753 831 798 864 ad
815 832 991 865 Imamum
1018 831 1199 864 Hasanum
1224 831 1423 876 principem
1452 832 1651 870 Ahnoumi,
1677 845 1748 877 quo
1776 834 1888 868 inscio

224 903 265 924 ea
286 891 401 923 oimiia
422 890 574 928 fecerat,
596 895 632 923 et
652 890 730 934 ejus
760 891 1085 935 comprobationem
1103 891 1282 937 quaesivit
1309 897 1417 936 atque
1437 891 1584 923 auxilia:
1612 890 1708 924 hunc
1726 892 1763 924 in
1782 893 1887 926 finem

223 951 439 989 affirmavitfl
455 963 491 984 se
511 951 611 984 illum
628 951 742 983 colere
761 956 930 996 tanquam
947 951 1147 996 principem
1162 963 1265 984 suum
1282 956 1318 984 et
1335 962 1471 995 semper
1491 951 1691 984 reverentia
1711 951 1833 985 debita
1853 965 1889 985 se

221 1010 321 1043 illum
348 1015 642 1055 prosecuturum:
669 1008 737 1042 hoc
754 1022 837 1043 vero
856 1022 891 1043 se
913 1012 1007 1055 apud
1029 1012 1185 1045 animum
1204 1023 1306 1045 suum
1327 1010 1554 1045 constituisse
1575 1016 1616 1045 ut
1637 1012 1816 1046 continuis
1835 1013 1889 1045 in·-

221 1069 445 1103 eursionibus
465 1069 660 1103 exercitum
681 1069 903 1103 Sultanicum
923 1070 1175 1104 Omm-Lailam
1195 1071 1419 1105 obsidentem
1437 1072 1629 1106 delassaret
1646 1077 1682 1105 et
1704 1073 1781 1116 ejus
1799 1083 1891 1107 eom-

224 1135 383 1163 meatum
393 1129 655 1174 intercipiendo
676 1141 736 1162 eos
756 1129 840 1163 inde
859 1130 1056 1174 repelleret.
1084 1130 1156 1163 Has
1176 1130 1324 1174 quidem
1344 1130 1482 1164 litteras
1502 1131 1603 1165 dedit
1615 1132 1762 1166 Selahus
1782 1132 1804 1166 f.
1817 1131 1891 1166 Alii

224 1191 377 1236 principi
399 1191 540 1223 cuidam
558 1202 599 1224 ex
613 1190 822 1236 propinquis
843 1191 933 1229 suis,
961 1191 1018 1224 eui
1035 1191 1297 1236 imperaverat‚·
1315 1196 1372 1230 ut,
1399 1196 1573 1235 quantum
1589 1192 1706 1226 verbis
1723 1192 1801 1226 fieri
1812 1204 1892 1237 pos-

226 1257 296 1290 set,
323 1251 491 1284 incitaret
512 1251 686 1284 Imamum
706 1252 886 1285 Hasanum
907 1252 952 1285 ad
972 1252 1167 1284 amicitiam
1187 1263 1308 1285 seeum
1339 1252 1618 1297 componendam
1639 1264 1813 1298 suumque
1834 1266 1893 1286 su-

227 1311 458 1345 stentandum
476 1311 709 1356 propositum.
739 1313 950 1356 Magnopere
974 1313 1086 1345 omnis
1104 1312 1194 1346 haec
1209 1312 1328 1346 Selahi
1348 1312 1476 1357 agendi
1494 1313 1584 1346 ratio
1604 1313 1745 1357 placuit,
1759 1312 1893 1350 Imamo

226 1374 366 1406 Hasano
394 1377 431 1405 et
453 1372 528 1405 sine
549 1383 646 1405 mora
672 1372 769 1405 misit
788 1372 1071 1405 Mohammcdem
1090 1372 1112 1405 f.
1133 1372 1306 1405 Ahmedis
1327 1373 1557 1417 al—Moajjedi.
1578 1384 1660 1408 eum
1683 1373 1821 1418 agmine
1853 1382 1910 1407 ex'

230 1433 333 1467 sociis
354 1438 390 1466 et
410 1432 622 1478 sequacibus
644 1432 857 1477 composito,
884 1433 948 1478 qui
967 1444 1003 1466 se
1017 1438 1241 1468 converteret
1262 1432 1308 1466 ad
1328 1437 1482 1465 tlactum
1500 1433 1744 1471 Khaulanum,
1770 1435 1807 1466 in
1824 1446 1895 1479 quo

224 1507 320 1529 nune
341 1494 488 1540 quidem
510 1493 657 1527 Selahus
677 1493 969 1527 commorabatur.
1002 1493 1075 1527 Nee
1091 1494 1204 1528 multo
1226 1494 1334 1538 igitur
1353 1497 1434 1538 post
1455 1505 1497 1525 eo
1520 1492 1666 1526 advenit
1681 1493 1907 1529 Mohamme-

226 1558 288 1589 des
320 1568 401 1589 cum
424 1554 599 1587 militibus
628 1559 664 1587 et
685 1554 788 1587 sociis
816 1554 907 1592 suis,
938 1560 975 1587 et
1000 1555 1190 1589 infinibus
1219 1555 1365 1600 quidem
1383 1553 1536 1598 regionis
1556 1554 1710 1587 Haidani
1727 1560 1758 1593 ³,
1783 1567 1894 1600 prope

229 1616 413 1650 castellum
431 1614 639 1651 Mistahum,
672 1615 825 1647 tentoria
852 1614 939 1646 fixit.
989 1615 1070 1647 Huc
1096 1615 1205 1649 multi
1227 1615 1391 1659 undique
1414 1614 1546 1647 milites
1563 1626 1605 1646 ex
1625 1614 1749 1648 incolis
1770 1615 1895 1649 harum

224 1676 410 1721 regionum
438 1673 481 1706 ad
512 1673 610 1705 illum
640 1674 905 1715 confluxerunt;
941 1686 1123 1720 quumque
1153 1675 1212 1708 ille
1244 1680 1382 1707 tractus
1405 1673 1471 1718 ipsi
1500 1674 1648 1706 maxime
1677 1682 1896 1719 opportunus

228 1737 411 1770 videretur
439 1734 707 1767 commorationi
739 1740 775 1767 et
802 1735 1022 1773 defensioni,
1048 1735 1101 1767 ihi
1129 1747 1165 1768 se
1194 1734 1373 1768 continuit
1402 1734 1681 1774 Mohannnedes,
1706 1748 1822 1782 neque
1849 1740 1893 1771 ad

233 1797 400 1832 Selahum
419 1795 584 1829 accessit:
619 1807 711 1840 quae
742 1795 820 1839 ejus
847 1796 975 1839 agendi
1004 1796 1095 1828 ratio
1125 1796 1269 1841 utrique
1297 1795 1406 1828 exitio
1443 1794 1523 1829 fuit.
1572 1795 1774 1841 Acceperat
1799 1799 1893 1833 enim

228 1859 391 1893 Hasanus
420 1857 557 1891 Pascha
592 1855 787 1889 exercitum
823 1867 925 1888 suum
954 1856 998 1888 ad
1027 1856 1299 1893 Omm-Lailam,
1334 1855 1420 1887 licet
1450 1855 1679 1890 confirmatus
1708 1864 1800 1891 esset
1829 1870 1892 1903 per

228 1919 376 1954 Haidari
405 1919 616 1955 adventum,
654 1917 711 1949 vix
732 1921 850 1948 tamen
880 1915 1041 1949 sufficere
1070 1917 1236 1950 adversus
1268 1916 1408 1950 hostem
1435 1915 1604 1948 continuo
1633 1916 1890 1954 incursantem:

228 1981 331 2026 quia,
358 1978 496 2012 etiamsi
514 1968 618 2011 facile
635 1977 705 2010 huc
722 1989 834 2021 usque
851 1988 933 2010 eum
950 1978 1180 2022 repulissent,
1206 1989 1279 2011 non
1305 1982 1424 2009 tamen
1449 1974 1615 2027 valebant
1641 1986 1723 2008 eum
1748 1981 1894 2024 compi-i-

226 2053 340 2078 mere,
366 2040 429 2086 qui
448 2051 511 2084 per
531 2039 682 2072 celerem
703 2037 839 2081 sugam,
865 2038 1008 2082 quando
1026 2038 1142 2071 victus
1164 2044 1259 2077 erat,
1288 2036 1467 2071 occidioni
1490 2047 1525 2068 se
1548 2047 1685 2080 semper
1705 2037 1892 2073 subtrahe-

227 2102 297 2135 bat.
348 2101 492 2135 Miserat
510 2111 593 2145 ergQ
612 2098 748 2133 Pascha
769 2099 898 2132 iterum
917 2105 1058 2144 praeter
1076 2099 1241 2145 peditum
1261 2110 1387 2144 agmen
1411 2097 1596 2132 nonnullas
1616 2098 1776 2142 equitum
1792 2112 1890 2146 egre.

1817 2169 1898 2202 glo}-

277 2278 291 2296 ι
308 2274 443 2320 oin->⁴22³-
