2055 2865
797 146 1087 183 ..n-..55—

103 231 295 282 ditionem,
320 234 363 277 ut
383 234 466 277 ante
485 240 604 277 omnia
621 240 909 276 Dzam‘armarum
927 242 1077 277 intraret
1102 253 1183 288 pars
1201 241 1377 279 exercitus
1402 243 1576 280 Sultaniei
1599 257 1680 280 cum
1709 245 1774 281 Di—

101 304 195 340 wani
212 315 404 344 assessore,
424 304 581 338 Hoseino
598 303 802 349 Djaouscho
819 308 850 342 ²,
872 303 990 347 legato
1001 304 1142 337 Sultani
1159 304 1203 337 ad
1218 304 1408 346 pascham,
1430 313 1468 341 et·
1478 308 1628 342 alterum
1645 318 1772 355 agmen

104 378 148 401 ex
183 365 295 411 copiis
324 364 659 399 Caucabanensibus
694 365 852 397 lectum:
888 361 926 395 id
959 363 1104 397 nomine
1142 364 1339 399 Lothfallae
1369 374 1625 402 concesserunt
1654 369 1775 415 legati.

106 425 208 460 Tunc
224 430 489 463 'converterunt'
504 423 541 459 se
560 424 670 457 iidem
690 433 772 457 cum
789 420 958 466 Khoudja
985 421 1069 455 Alio
1096 422 1363 464 Caucahanum,
1390 433 1431 460 ut
1455 426 1687 463 Izzeddinum
1708 429 1779 464 hoe

106 487 293 521 consilium
313 486 512 520 edocerent·
526 484 674 529 ejusque
703 492 885 515 assensum
903 488 1079 527 rogarent.
1128 483 1259 517 flatum
1277 484 1315 518 id
1333 485 1437 520 facilc
1461 487 1589 523 habuit
1615 490 1777 525 Izzeddiv

103 558 189 586 nus,
216 544 507 591 quandoquidem
535 542 693 577 Paschae
719 541 832 575 omnis
870 554 912 576 ea
939 555 995 577 res
1021 543 1206 589 placuerat
1232 549 1271 577 et
1296 546 1418 578 statim
1446 558 1527 580 eum
1550 548 1619 582 hoc
1646 551 1775 585 nuntio

105 606 240 641 remisit
264 605 409 649 legatos.
459 604 623 637 Hasanus
649 601 804 647 Ajanius
833 603 964 637 deinde
987 607 1024 636 et
1053 603 1195 638 Walius
1225 603 1247 638 f.
1279 604 1454 640 Abdallae
1484 618 1567 640 cum
1595 610 1723 644 Selaho
1751 610 1773 646 f.

103 665 276 701 Ahmedis
301 662 516 697 internuntii
539 661 705 701 fuerunt,
731 674 797 707 per
821 675 911 709 quos
936 662 1034 708 pacis
1061 663 1285 698 conditiones
1311 665 1356 698 ad
1381 665 1517 699 exitum
1542 666 1773 701 ducerentur.

103 727 337 761 Intraverunt
355 724 509 770 primum
530 723 653 769 copiae
675 723 898 763 Sultanicae,
924 724 1017 758 duce
1037 723 1195 759 Hoseino
1215 726 1441 771 Djaouscho,
1469 731 1507 760 et
1524 726 1775 763 Caueahanen-

103 799 173 826 ses,
199 787 292 821 duee
312 785 470 820 Jakouto
488 786 522 824 b,
549 785 735 818 castellum
753 785 939 818 laudatum
957 790 993 818 et
1011 784 1056 818 ab
1076 796 1118 818 eo
1147 785 1230 819 inde
1252 792 1410 831 tempore
1427 787 1521 821 hona
1551 801 1615 823 sua
1637 790 1777 824 Tsolam

102 846 287 881 transferri
306 846 446 879 curavit
459 843 646 877 Lothsalla.
696 844 892 890 Postquam
918 856 1003 878 vero
1020 839 1152 878 milites
1178 846 1379 881 Sultanieos
1398 848 1585 884 intravisse
1606 850 1776 885 Dzamar-

100 916 239 939 marum
269 910 458 950 acceperat
484 904 647 937 Hasanus
682 903 836 942 Pascha,
871 904 969 938 misit
998 905 1113 940 filium
1139 906 1337 940 Hoseinum
1364 907 1615 943 Caucabanum
1643 917 1680 945 et
1705 924 1780 945 um

102 976 185 998 cum
203 976 245 998 eo
264 963 381 1010 Agam
400 963 702 1002 Mohammedem,
728 963 845 996 virum
862 966 1238 1016 praestantissimum,
1251 967 1315 1012 qui
1343 978 1425 1001 cum
1446 968 1585 1004 Sultani
1603 973 1780 1008 mandatis

100 1025 171 1059 hoc
190 1036 283 1058 anno
302 1024 339 1057 in
359 1023 541 1057 Jemanam
557 1022 603 1055 ad
622 1022 796 1056 Pascham
816 1028 972 1057 venerat.

148 1085 342 1131 Quumque
379 1088 477 1116 certo
509 1087 659 1115 noverat
688 1081 922 1122 Izzeddinus,
957 1083 1245 1132 adpropinquare
1278 1086 1475 1122 Hoseinum
1494 1115 1502 1129 ,
1534 1090 1631 1125 misit
1661 1091 1776 1128 filium

99 1157 206 1180 suum
232 1142 552 1179 Schamseddinum
580 1141 783 1176 Ahmedem
807 1141 861 1175 illi
890 1141 1032 1178 obviam
1052 1158 1134 1181 eum
1161 1146 1330 1182 fratribus
1352 1148 1430 1193 ejus
1450 1156 1487 1184 et
1506 1153 1716 1200 propinquis
1739 1162 1778 1190 et

100 1206 198 1240 omni
211 1203 371 1239 exercitu
391 1214 504 1248 usque
525 1202 572 1236 ad
600 1201 850 1240 Schihamum,
875 1207 918 1235 ut
947 1202 1099 1240 intraret
1124 1207 1246 1241 sedem
1274 1220 1374 1242 suam
1402 1221 1483 1244 cum
1511 1213 1686 1247 comitatu
1713 1226 1777 1248 no·

99 1266 164 1300 bili
182 1271 218 1300 et
238 1275 368 1311 pompa
388 1262 534 1297 eximia:
561 1262 704 1308 explodi
722 1267 910 1307 praeterea
928 1269 1105 1299 tormenta
1124 1265 1254 1301 bellica
1283 1267 1321 1301 in
1340 1268 1419 1313 ejus
1446 1269 1617 1304 honorem
1637 1274 1780 1309 curavit

98 1332 137 1360 et
155 1325 431 1372 quibuscunque
451 1323 566 1358 modis
583 1323 760 1357 laetitiam
779 1334 878 1357 suam
898 1324 1056 1358 ostendit
1070 1326 1267 1360 maximam.
1319 1327 1401 1372 Ipse
1421 1340 1505 1363 vero
1525 1330 1647 1364 dolore
1675 1333 1778 1377 pedis

98 1387 232 1426 dextri,
267 1399 377 1433 quem
405 1392 523 1420 tumor
563 1384 732 1418 fortuitus
770 1385 1012 1430 corripuerat,
1046 1385 1337 1431 impediebatur,
1370 1401 1443 1435 quo
1470 1390 1587 1425 minus
1614 1392 1775 1438 longius,

92 1459 205 1492 quam
225 1447 271 1480 ad
290 1447 415 1491 palatii
434 1447 560 1484 limen,
581 1444 795 1489 procederet
815 1445 921 1490 eique
944 1451 1169 1479 occurreret:
1195 1446 1247 1480 ibi
1276 1453 1395 1482 tamen
1422 1448 1618 1483 Hoseinum
1645 1452 1775 1486 saluta-

96 1512 175 1540 tum
194 1505 336 1539 ornavit
362 1509 461 1538 ves-te
483 1503 640 1537 sciurina
658 1504 817 1548 pretiosa
843 1504 1034 1538 admodum
1055 1511 1092 1538 et
1112 1506 1285 1551 eleganti,
1312 1508 1405 1540 dono
1429 1507 1588 1542 Paschae
1619 1510 1770 1555 Hasani3

98 1573 137 1601 et
153 1567 223 1601 alia
243 1566 371 1606 eximia
389 1570 489 1599 veste
510 1564 606 1597 filius
627 1564 738 1608 ipsius
756 1564 826 1598 suit
843 1565 998 1599 donatus
1018 1566 1063 1599 ab
1080 1567 1257 1605 Hoseino,
1283 1567 1428 1600 honoris
1455 1574 1493 1601 et
1520 1568 1650 1602 favoris
1671 1573 1770 1605 testi-

95 1627 216 1661 monio
234 1625 374 1671 insigni.

104 1714 106 1716 .
143 1687 279 1721 Eodem
289 1687 347 1720 die
359 1685 496 1719 auctori
507 1684 642 1719 codicis
659 1683 773 1718 nostri
790 1685 974 1720 mandavit
988 1686 1154 1732 princeps
1174 1686 1458 1721 Caueabanensis
1469 1713 1477 1726 ,
1503 1693 1545 1722 ut
1555 1688 1694 1725 litteras
1711 1692 1772 1726 da-

94 1753 167 1786 ret,
183 1747 354 1793 principis
374 1747 536 1785 nomine,
563 1746 607 1779 ad
620 1746 834 1780 Lothsallam
850 1747 957 1793 eique
978 1747 1208 1781 annuntiaret
1218 1748 1367 1782 Hoseini
1385 1749 1432 1782 ad
1451 1761 1488 1783 se
1507 1750 1703 1786 adventum
1719 1760 1771 1787 at·

93 1820 164 1855 que
176 1808 266 1841 adeo
289 1808 323 1841 ei
340 1808 549 1853 imperaret,
574 1812 617 1840 ut
635 1807 881 1841 Dzamarmaro
902 1807 1061 1842 Paschae
1082 1808 1213 1842 tradito
1233 1809 1277 1842 ad
1296 1821 1332 1843 se
1352 1810 1492 1844 veniret
1508 1810 1769 1847 Caucabanum.

94 1868 261 1907 Mandato
281 1867 367 1902 huic
387 1868 508 1901 statim
528 1867 789 1912 obtemperavit
806 1867 958 1902 Amerus
976 1867 1183 1914 dimisitque
1203 1880 1283 1903 mox
1300 1882 1366 1915 per
1383 1871 1551 1905 nuntium
1569 1871 1768 1909 istiusmodi

94 1928 280 1973 epistolam
311 1940 392 1961 cum
416 1928 657 1962 festinationis
676 1928 822 1962 monito.
875 1928 1010 1962 Eodem
1038 1933 1158 1962 tamen
1179 1934 1356 1975 tempore,
1382 1942 1455 1976 quo
1485 1931 1530 1964 ad
1554 1932 1768 1969 Lothsallam

93 1978 365 2032 perferebantur
391 1987 459 2021 hae
485 1987 645 2028 litterae,
671 1988 761 2022 aliae
789 1988 834 2021 ad
865 1988 1098 2027 Izzeddinum
1127 1995 1304 2023 venerunt
1328 1989 1373 2023 ab
1399 1991 1459 2025 illo
1483 1992 1602 2032 datae,
1636 1996 1766 2040 quibus

94 2047 129 2081 ei
154 2047 396 2083 almuntiavit:
423 2048 645 2093 propositum
672 2061 693 2083 a
720 2061 756 2083 se
787 2049 895 2083 fuisse
925 2049 1142 2095 colloquium
1180 2062 1262 2084 cum
1295 2052 1456 2091 Hasano,
1492 2054 1554 2099 qui
1589 2057 1762 2099 rogationi

96 2120 255 2144 annuens
282 2108 401 2142 locum
427 2108 609 2154 quendam
635 2109 885 2156 designaverat
912 2122 1022 2158 prope
1061 2111 1349 2147 Dzamarmamm
1401 2113 1440 2148 in
1465 2125 1572 2160 quein
1601 2117 1765 2150 conveni-

1665 2184 1763 2222 rent,

111 2322 117 2327 .
146 2288 163 2306 ²
183 2290 288 2329 22²9>
314 2298 436 2334 ww>
603 2285 618 2311 ¹²
636 2287 738 2332 ‘³931ss
