2055 2865
836 152 1119 187 ε-ὃὸᾞ

132 247 226 287 dini,
247 244 529 282 Mohammedem
549 244 571 279 f.
591 244 724 279 Hasani
741 244 764 279 f.
787 244 908 279 Selahi
928 247 1124 287 al-Hamzi,
1145 247 1305 283 vestibus
1333 249 1452 285 induit
1471 251 1677 287 honorificis
1699 261 1735 288 et
1754 263 1812 288 cri-¹

131 310 237 343 miter
261 320 343 342 cum
377 308 447 342 illis
475 313 529 342 est
557 307 781 341 collocutus:
819 305 995 351 simulque
1026 307 1094 352 ipsi
1133 309 1414 347 Schamseddino
1457 313 1615 348 Alnnedi
1655 316 1807 351 tradidit

131 375 265 404 vestem
293 369 511 404 Sultanicam
535 375 572 403 et
599 369 755 415 gladium
784 366 1064 406 ornatissimum,
1101 370 1284 405 Sultanica
1311 374 1356 407 ad
1382 374 1461 420 ejus
1479 381 1616 420 patrem
1636 389 1802 418 munera,

131 442 224 477 quae
242 431 419 465 Hoseinus
439 430 579 476 Jazedji
597 441 712 475 nuper
729 428 936 462 adduxerat.
986 428 1119 463 Urbem
1140 430 1278 471 deinde
1305 434 1343 467 in
1370 435 1641 472 Schamscddini
1660 441 1804 485 regione

130 491 251 530 sitam,
279 491 644 526 Schibamum-Hiwal
659 496 672 512 ²
684 515 691 529 ‚
713 495 955 529 transeuntes,
975 495 1058 524 ante
1077 492 1262 525 meridiem
1282 495 1360 539 ejus
1382 497 1454 530 dici
1473 498 1696 534 advenerunt
1713 502 1804 535 Cau-

132 551 327 596 cabanum5
353 565 460 598 quarn
479 564 560 585 cum
577 551 728 584 maxima
746 562 876 596 pompa
904 551 1082 596 ingressus
1109 553 1271 587 Hasanus
1301 555 1391 589 adiit
1419 559 1622 593 convivium
1648 562 1804 606 splendi-

131 613 332 650 dissimum»,
357 612 456 657 quod
474 613 512 645 in
530 613 609 658 ejus
627 611 822 646 adventum
844 611 1042 657 parandum
1071 621 1263 649 curaverat
1284 616 1596 653 Schamscddinus.
1646 623 1738 656 Hinc
1768 638 1804 656 se

132 673 268 717 recepit
278 672 434 712 Pascha,
460 674 576 719 epulis
595 673 726 713 finitis,
752 673 791 707 in
809 673 994 707 Izzcddini
1014 675 1203 720 palatium,
1222 677 1320 724 quod
1341 679 1505 713 omnibus
1521 680 1626 715 rebus
1647 694 1807 717 necessa-

129 733 191 767 riis
212 739 298 768 tunc
316 739 392 767 erat
412 734 727 770 instructissimum
745 741 800 774 et,
826 735 980 781 pauculo
1009 741 1167 782 tempore
1192 739 1415 784 principibus
1439 746 1476 774 et
1501 743 1710 786 proceribus
1729 746 1807 789 ejus

131 795 327 830 adventum
346 796 608 841 gratulantibus
626 797 730 836 dato,
756 808 829 830 una
848 808 928 830 cum
948 797 1170 842 principibus
1192 799 1411 845 Moajjeditis
1433 802 1562 836 Selaho
1584 804 1606 837 f.
1630 805 1806 840 Ahmedis

127 856 152 891 f.
172 856 336 895 Hoseini,
354 857 519 895 ,Hoseino
536 857 558 891 s.
578 857 653 891 Alii
673 857 697 890 f.
716 857 865 891 Hoseini
885 863 922 891 et
940 858 1098 892 Hoscino
1118 859 1140 892 f.
1160 859 1320 894 Scharafi
1338 861 1367 899 b,
1400 867 1436 895 et
1457 874 1538 897 cum
1557 864 1673 899 Hadio
1695 867 1717 900 s.
1737 869 1806 901 Na-

129 917 196 951 siri‘
208 917 371 962 principe
389 916 517 962 Djofae
536 923 573 952 et
597 918 675 952 aliis
692 918 915 964 principibu-s
930 931 972 954 ex
990 920 1134 965 regione
1153 921 1313 955 Scharafi
1342 929 1378 955 et
1403 923 1536 958 Hasabi
1554 930 1585 964 ⁰,
1622 938 1664 960 ex
1690 928 1807 962 1011111-

130 990 176 1013 na
197 978 378 1023 superiore
396 978 411 1001 d
436 984 474 1013 et
492 978 660 1013 inferiore
679 988 690 1001 ‘³
719 985 755 1013 et
773 991 815 1013 ex
835 981 977 1013 asseclis
993 980 1284 1020 Schamseddini,
1306 982 1395 1016 adiit
1415 986 1587 1029 templum
1606 987 1810 1023 Caucabani

131 1044 186 1077 ct,
214 1039 384 1073 concione
402 1044 548 1084 peraeta
568 1037 767 1072 secundum
784 1038 1017 1072 Sunnitarum
1035 1040 1269 1079 sententiam,
1295 1052 1419 1086 preces
1441 1050 1524 1077 sunt
1553 1045 1695 1081 oblatae
1725 1061 1807 1083 cum

130 1099 328 1134 honorifica
344 1101 450 1134 unius
471 1099 610 1134 Sultani
627 1099 820 1133 mentione.
870 1099 976 1133 Istud
996 1112 1081 1134 vcro
1100 1113 1218 1147 neque
1240 1101 1304 1141 ibi,
1331 1114 1451 1149 neque
1471 1116 1622 1151 usquam
1648 1108 1686 1141 in
1707 1121 1807 1143 111011-

132 1167 215 1196 tana
239 1161 407 1195 Jemanae
430 1167 532 1207 parte
557 1160 678 1194 adhuc
704 1165 782 1194 erat
811 1159 965 1199 factum,
991 1172 1111 1207 neque
1141 1163 1205 1196 ulli
1232 1162 1381 1197 Sultano
1402 1177 1444 1198 ex
1462 1165 1669 1203 Otsmanica
1699 1172 1809 1216 stirpe

130 1224 160 1257 is
183 1223 296 1257 honor
328 1234 542 1262 concessus,
576 1222 646 1256 nisi
674 1221 819 1256 Morado
847 1221 869 1255 f.
900 1222 1023 1256 Solimi
1063 1235 1160 1257 nunc
1188 1229 1226 1257 et
1262 1224 1432 1271 deinceps
1462 1235 1633 1272 regnante
1670 1232 1808 1267 Pascha

129 1284 287 1317 Hasano:
324 1284 625 1330 quemadmodum
659 1294 778 1329 neque
806 1283 872 1316 ulli
898 1283 1058 1317 Paschae
1086 1289 1141 1317 tot
1179 1286 1324 1319 castella
1354 1287 1591 1323 munitissima
1623 1297 1660 1324 et
1697 1295 1803 1327 urbes

126 1344 297 1391 vicosque
316 1357 516 1392 expugnare
535 1345 704 1392 contigit,
720 1350 819 1398 *quot
839 1344 926 1378 huic
943 1344 1136 1379 fortissimo
1156 1344 1434 1393 felicissimoque
1452 1351 1659 1394 provinciae
1689 1354 1807 1400 ,10111οῑ

126 1417 194 1440 nae
220 1406 413 1452 praefecto.

173 1468 251 1501 Hoc
273 1473 434 1512 tempore.
457 1480 538 1503 cum
561 1468 814 1503 Caucabanum
831 1467 1140 1514 adpropinquabat
1167 1469 1325 1509 Pascha,
1353 1471 1497 1507 honoris
1518 1479 1804 1520 01510011111011111,

128 1533 164 1562 et
183 1528 456 1572 ejus‘salutandi
477 1529 589 1573 gratia
606 1528 888 1562 Abdarrahimus
912 1528 935 1562 f.
964 1528 1251 1564 Abdarrahmani
1268 1533 1473 1577 praefectus
1495 1536 1700 1573 Sultanieus
1726 1552 1805 1584 pax·-

128 1590 173 1623 tis
195 1595 366 1622 terrarum
386 1589 585 1634 Hadjdjae3
620 1601 729 1634 quem
758 1588 981 1622 familiariter
1001 1595 1037 1622 ct
1064 1591 1212 1623 comiter
1238 1592 1431 1626 admodum
1458 1598 1597 1641 excepit
1622 1600 1803 1639 llasanus,

127 1650 257 1695 cuique
278 1649 425 1683 tradidit
442 1661 590 1683 munera
618 1649 820 1688 Sultanica‚
846 1661 939 1694 quae
965 1661 1030 1695 per
1056 1650 1254 1684 Hoscinum
1281 1653 1419 1698 Jazedji
1450 1655 1494 1688 ad
1524 1657 1618 1692 illius
1643 1667 1800 1705 patrem,

126 1711 189 1756 qui
206 1710 348 1743 interim
365 1709 461 1743 diem
481 1710 620 1744 obierat
640 1721 864 1755 supremum,
891 1721 914 1742 a
930 1710 1078 1744 Sultano
1103 1719 1204 1746 erant
1232 1712 1345 1746 missa.
1397 1714 1462 1748 His
1491 1727 1573 1760 ergo
1601 1718 1705 1753 donis
1724 1722 1800 1755 8111-

126 1771 252 1804 tanieis
286 1770 354 1803 alia
378 1769 490 1804 multa
516 1769 656 1803 addidit
689 1769 828 1803 Pascha
857 1769 987 1804 favoris
1016 1776 1053 1804 et
1088 1772 1363 1809 benevolentiae
1394 1788 1478 1810 suae
1504 1780 1698 1823 specimina
1727 1787 1800 1818 evi-

125 1831 347 1869 dentissima,
368 1836 406 1864 et
425 1842 507 1863 cum
524 1829 720 1875 largissimo
740 1829 921 1876 stipendio
947 1831 1190 1878 Sandjakhegi
1211 1836 1342 1870 excelsi
1370 1849 1499 1872 munus
1521 1845 1558 1873 et
1575 1840 1746 1878 honorem
1767 1848 1800 1880 ej

126 1891 302 1924 concessit
321 1897 357 1924 et
377 1891 513 1925 tribuit.

170 1952 343 1987 Triduum
365 1952 566 1988 Caucabani
591 1950 753 1986 substitit
776 1950 965 1998 Princeps.
992 1960 1121 2000 quarto
1153 1956 1212 1992 die
1236 1965 1427 2007 postquam
1456 1961 1602 1998 honoris
1632 1977 1715 2012 crgo
1743 1967 1797 2001 Iz-

1719 2029 1806 2062 zed-

178 2158 190 2175 ι
208 2142 289 2211 323?
312 2147 395 2202 Γῐζῶ.
570 2155 587 2180 b
604 2159 687 2209 ‘³5⁶³'
711 2170 755 2207 Ο.)
782 2173 909 2209 Ψ»,-
1073 2165 1088 2184 ⁰
1104 2153 1260 2204 θέων
1423 2165 1439 2188 d
1455 2156 1557 2215 &Lai
1584 2159 1691 2215 ULH'
