2055 2865
856 114 1142 160 —18—'

164 227 242 260 erat
259 221 458 269 principem
482 220 672 257 Sinanum‚
699 218 785 252 artis
803 202 968 251 militaris
987 216 1243 262 peritissimum
1262 218 1438 267 simulque
1456 219 1687 259 fortissimum
1703 228 1740 260 et
1758 236 1841 272 pru-

165 285 412 320 dentissimum
439 283 573 320 virum,
599 279 793 326 praeficere
812 278 987 313 exercitui
1015 291 1098 317 suo,
1123 279 1293 325 quoniam
1312 280 1451 316 obsidio
1468 283 1533 318 diu
1550 284 1721 320 duratura
1738 286 1839 322 vide·

168 346 283 381 batur.
333 344 419 377 Erat
438 343 591 377 Sinanus
610 347 696 375 tunc
715 352 823 386 opum
843 339 1110 374 administrator
1133 338 1172 372 in
1199 344 1317 374 tractu
1341 340 1485 376 Raimae
1502 348 1531 382 ¹,
1556 345 1654 380 unde
1679 357 1761 380 eum
1780 346 1842 380 Sa-

168 416 272 439 naam
292 402 337 436 ad
356 415 392 436 se
413 403 557 437 vocavit
574 402 757 435 Hasanus:
785 401 844 435 vix
862 413 947 435 vero
977 400 1006 434 is
1035 399 1258 446 provinciam
1285 401 1480 448 reliquerat
1505 413 1622 443 suam,
1646 406 1736 452 quin
1755 417 1841 453 gens

167 467 228 500 illa
243 475 324 498 cum
341 464 505 509 principe
524 475 609 503 suo,
637 463 697 497 cui
723 461 917 496 Abubecro
947 472 1096 500 nomen,
1123 473 1165 495 ex
1188 461 1374 506 Djafaritis
1394 461 1409 485 b
1432 463 1548 509 origo,
1575 476 1611 498 se
1636 468 1845 511 opposuerit

166 525 316 570 imperio
347 525 504 565 Sultani,
539 524 751 572 obsequium
781 530 819 558 et
843 524 1020 558 tributum
1045 522 1253 567 impositum
1281 523 1471 570 denegans.
1528 525 1659 571 Itaque
1690 526 1846 561 Sinanus

168 587 213 621 ad
228 587 388 621 Raimam
416 587 534 621 redire
561 593 706 620 coactus
730 592 786 620 est
813 597 894 619 cum
923 584 1084 618 exercitu
1113 595 1197 624 suo,
1222 583 1346 631 ibique
1374 585 1528 619 castellis
1554 584 1656 619 brevi
1680 585 1848 620 omnibus

168 647 395 693 expugnatis,
423 659 547 681 eorum
572 647 726 694 plurima
752 647 887 681 delevit
907 672 914 685 ,
949 657 1048 690 agros
1072 645 1247 685 vastavit,
1280 645 1387 679 urbes
1412 646 1582 692 vicosque
1606 646 1846 692 depopulatus

168 715 242 748 est,
269 715 421 743 amatos
449 704 579 742 omnes
597 708 733 742 occidit
759 713 796 742 et
822 708 873 742 ita
900 709 1055 752 graviter
1083 719 1207 743 eorum
1232 707 1467 743 rebellionem
1492 708 1591 742 ultus
1618 719 1680 745 eos
1702 706 1847 743 reduxit

170 768 237 803 sub
256 768 447 814 imperium
466 768 616 802 Sultani.

221 831 397 864 Reversus
426 831 576 863 Sanaam
603 828 731 861 missus
761 833 815 861 est
835 827 986 863 Sinanus
1007 840 1090 863 eum
1109 827 1221 873 copiis
1248 828 1321 863 suis
1339 828 1385 864 ad
1403 835 1517 865 castra
1536 828 1632 876 apud
1648 828 1846 865 Dhafarum

172 892 290 937 posita
310 896 347 923 et
367 890 585 923 constitutus
612 889 725 922 totius
752 891 930 925 exercitus
957 889 1029 924 dux
1051 894 1089 923 et
1111 889 1312 934 imperator.
1362 889 1423 923 Ibi
1446 890 1565 923 omnia
1580 891 1712 935 optime
1731 890 1851 935 dispo·

172 953 261 989 suit,
289 950 511 984 obsidionem
529 950 715 994 vigilantia
742 956 779 984 ct
804 951 926 986 labore
956 950 1194 996 maximopere
1223 949 1429 989 adstrinxit,
1464 961 1605 984 omnem
1631 949 1787 984 militum
1807 949 1850 983 li-

172 1012 329 1047 centiam
346 1011 586 1056 compescuit,
612 1022 734 1045 omnos
752 1013 917 1057 quotidie
945 1012 1109 1057 gnaviter
1133 1011 1309 1050 exercuit,
1334 1016 1373 1045 et
1399 1010 1537 1045 victum
1556 1010 1738 1046 abundare
1758 1021 1850 1046 sem-

173 1085 237 1119 per
256 1073 363 1107 sccit:
390 1078 433 1106 ut
450 1072 540 1106 adeo
560 1072 679 1105 nullus
706 1072 744 1106 in
773 1072 921 1107 Jcmana
949 1072 1127 1107 exercitus
1156 1071 1400 1106 continentior
1422 1077 1461 1106 et
1488 1072 1653 1107 omnibus
1668 1071 1776 1108 rebus
1793 1071 1850 1107 in-

176 1134 348 1170 structior
363 1145 523 1179 unquam
541 1132 669 1171 suerit,
695 1144 813 1179 neque
831 1134 903 1167 ulla
921 1133 1059 1168 obsidio
1079 1132 1218 1178 gravior
1233 1138 1270 1167 et
1286 1132 1555 1167 intolerabilior.

224 1197 324 1230 Duos
345 1200 485 1229 tantum
510 1205 649 1228 menses
676 1194 898 1228 obsidionem
924 1195 1139 1228 toleraverat
1162 1193 1448 1234 Mohammedes,
1483 1206 1566 1229 cum
1591 1193 1635 1229 ad
1661 1205 1787 1241 pacem
1815 1201 1853 1231 et

176 1255 404 1291 'deditionem
424 1255 638 1289 inclinatum
656 1267 692 1289 se
713 1256 920 1290 ostenderit.
970 1256 1145 1301 Expertus
1163 1255 1260 1291 enim
1277 1261 1353 1289 erat
1379 1267 1416 1290 se
1445 1256 1497 1290 illi
1515 1256 1689 1291 exercitui
1705 1255 1852 1291 minime

179 1328 255 1351 esse
278 1329 416 1362 parem;
444 1323 664 1363 compererat
690 1329 710 1351 a
736 1317 841 1351 sociis
868 1317 940 1351 suis
970 1316 1052 1351 Alio
1087 1316 1208 1362 Jahja,
1244 1315 1408 1351 Alimede
1433 1322 1470 1351 et
1499 1316 1634 1351 Imamo
1654 1317 1796 1352 Hasano
1811 1328 1851 1351 se

181 1390 256 1411 esse
276 1377 492 1410 destitutum
519 1384 556 1412 ct
582 1378 680 1424 quod
705 1378 866 1423 inprimis
894 1378 1062 1412 acerbum
1087 1377 1140 1410 illi
1167 1376 1317 1416 accidit,
1348 1376 1490 1411 viderat
1511 1377 1600 1411 duos
1628 1377 1754 1413 fratres
1779 1377 1852 1413 Ha-

180 1438 319 1471 fidhum
339 1443 352 1460 c
375 1443 412 1471 ct
439 1438 668 1473 VVahhasum
688 1437 704 1461 d
731 1439 768 1471 in
792 1439 953 1472 exercitu
988 1438 1147 1472 hostium
1183 1436 1253 1470 sibi
1291 1437 1530 1477 adversarios,
1564 1451 1718 1484 quorum
1747 1440 1853 1473 alteri

183 1511 394 1543 magnopere
425 1510 563 1544 semper
593 1499 748 1533 confisus
778 1504 863 1532 erat.
915 1499 1053 1533 Horum
1080 1508 1101 1531 a
1126 1496 1235 1532 fratre
1264 1508 1328 1531 suo
1347 1497 1562 1532 defectionis
1582 1510 1690 1532 causa
1707 1504 1745 1533 et
1762 1499 1854 1532 ratio

184 1566 260 1593 erat
281 1560 467 1604 ejusmodi.

232 1619 476 1653 Constituerat
500 1620 584 1653 olim
621 1619 887 1654 Mohammedes
924 1623 1085 1663 tempore
1112 1618 1248 1652 Moradi
1281 1617 1440 1653 Paschae
1469 1617 1617 1653 fratrem
1646 1631 1750 1654 suum
1781 1631 1856 1664 ger-

185 1692 330 1715 manum
356 1679 513 1713 Hadium
541 1680 563 1713 f.
585 1680 701 1714 Nasiri
721 1686 734 1703 e
760 1679 983 1725 praesectum
1011 1678 1109 1712 urbis
1144 1678 1266 1712 Zahiri
1291 1678 1304 1701 f
1333 1684 1371 1713 et
1395 1679 1507 1724 partis
1530 1679 1685 1725 regionis
1716 1679 1856 1725 Djofae.

189 1742 225 1775 Is
250 1752 334 1775 vero
355 1746 397 1774 ut
425 1746 501 1774 crat
529 1740 635 1774 homo
664 1741 892 1774 turbulentus
922 1746 959 1773 et
982 1740 1068 1774 belli
1095 1739 1357 1773 amantissimus
1386 1739 1559 1774 finitimos
1586 1739 1654 1774 sibi
1677 1739 1859 1786 principes

190 1802 361 1836 continuo
390 1807 465 1835 erat
485 1802 630 1836 adortus
661 1808 698 1836 et
727 1802 859 1841 inscio,
886 1806 948 1835 aut
977 1801 1222 1835 dissimulante
1250 1800 1359 1834 fratre
1387 1800 1537 1835 aliorum
1564 1806 1675 1835 terras
1705 1812 1858 1847 occupa-

192 1869 308 1902 verat,
336 1863 485 1896 aliorum
502 1863 739 1909 depopulatus
766 1868 860 1901 erat,
887 1863 973 1897 dum
993 1862 1112 1896 fratris
1141 1872 1238 1894 amor
1267 1861 1415 1906 insignis
1443 1867 1481 1896 et
1508 1873 1670 1896 crescens
1698 1861 1776 1908 ejus
1795 1874 1860 1911 po-

192 1925 306 1958 tentia
324 1925 508 1958 licentiam
528 1925 566 1958 in
587 1924 664 1958 dics
683 1923 862 1969 augebant
880 1929 916 1956 et
934 1923 1172 1956 securitatem.
1223 1921 1346 1956 Finem
1362 1921 1507 1957 tandem
1526 1922 1612 1957 huic
1632 1923 1710 1968 ejus
1732 1921 1861 1967 agendi

194 1983 324 2017 rationi
343 1984 560 2030 imposuerat
579 1983 775 2022 Lothfalla,
801 1983 865 2030 qui
894 1994 976 2017 eum
1006 1982 1188 2030 captivum
1214 1982 1301 2018 fecit
1329 1982 1368 2018 in
1393 1983 1537 2019 Harano
1554 1988 1568 2013 ἓ
1585 2009 1593 2023 ,
1618 1983 1683 2031 qui
1702 1982 1804 2017 vicus
1822 1981 1862 2015 in

1779 2051 1867 2077 con-

943 2139 958 2156 β

250 2142 765 2207 1231252102-335225.
906 2159 1044 2194 sm>
1204 2140 1339 2205 ⁶533-
1476 2142 1606 2208 ’β’
1633 2171 1677 2209 0÷
1704 2144 1812 2203 ⁴⁵⁹5·

255 2236 266 2260 f
287 2224 381 2295 ij-is.
522 2247 538 2272 z
555 2213 643 2292 &ja
