2055 2865
897 185 1204 222 -104—

230 290 431 327 cedentium
453 286 669 321 pascharum
699 279 964 318 Jcma'nensium
991 293 1148 328 unquam
1180 280 1386 327 contigerat.
1438 279 1519 315 Atia
1548 281 1641 316 idem
1669 284 1807 329 legatus
1835 281 1912 318 11111.ι

231 364 315 387 nora
336 348 517 384 Sultanica
539 347 660 381 attulit
677 345 956 379 Schamseddino
966 344 1119 389 principi
1137 342 1356 379 Caucabani,
1384 346 1420 374 et
1442 341 1590 381 Sinano,
1616 344 1805 378 fortissimo
1817 357 1913 378 0101<-

232 416 324 447 citus
344 410 548 457 praefecto,
575 420 682 454 quem
701 407 837 441 Pascha
859 407 1005 440 Sultano
1024 406 1060 439 in
1077 404 1199 450 primis
1219 402 1545 442 commendaverat,
1572 403 1667 437 unde
1689 404 1822 439 sactum
1836 412 1909 445 est,

231 481 272 508 ut
293 473 412 507 statim
431 471 682 506 Caucabanum
702 468 991 513 proficisceretur
1010 466 1143 500 ethinc
1160 470 1324 510 pergeret
1339 464 1382 497 ad
1405 471 1515 498 castra
1536 477 1645 510 prope
1667 464 1831 499 Affarum
1848 473 1915 510 po,·

230 536 295 568 sita
325 533 369 567 ad
390 533 569 566 Sinanum.
607 530 713 564 Illum
733 534 853 561 autem
871 527 1081 560 Caueabano
1091 524 1374 569 proficiscentem
1395 524 1583 557 comitatus
1603 530 1674 564 est,
1702 525 1915 559 Schamsed-‘

229 596 305 628 dini
329 595 451 639 jussu,
486 592 598 626 nostri
625 590 764 624 Codicis
802 594 943 626 auctor,
975 586 1038 632 qui
1076 584 1347 618 Sehamseddini
1382 595 1530 617 munera
1569 585 1745 630 quaedam
1781 585 1911 618 Sinano

229 655 376 688 offerret
393 679 401 692 ,
436 653 473 686 in
501 651 632 697 quibus
661 650 779 684 Codex
818 654 893 682 erat
923 645 1042 681 Lexici
1077 643 1345 678 celebratissimi
1380 644 1549 678 Kamousi
1566 650 1578 667 ²
1599 670 1606 683 ,
1642 651 1714 678 tam
1742 650 1911 678 accurate

227 721 263 748 et
293 713 441 759 pulchre
467 711 667 755 descriptus
687 734 694 747 ,
726 715 768 741 ut
797 712 922 740 auctor
951 711 1072 739 noster
1110 710 1262 738 testetur
1292 716 1328 738 se
1355 716 1537 750 nunquam
1566 704 1767 738 istiusmodi
1803 703 1910 749 quid-

228 785 335 820 quam
370 772 510 806 vidisse.
572 769 731 813 Scriptus
767 779 850 801 vero
887 772 963 800 erat
992 765 1088 799 haud
1122 765 1172 797 ita
1201 764 1264 796 diu
1293 769 1374 796 ante
1405 775 1425 795 a
1452 764 1528 796 viro
1558 764 1716 798 Iracensi
1735 764 1749 786 b
1780 764 1862 798 Alio
1883 764 1908 798 f.

227 833 339 867 szsiri
378 830 560 864 al-Hasani
605 827 876 872 al-Lahidjanic
897 852 904 865 ,
941 826 1056 860 scriba
1101 823 1282 870 quondam
1321 821 1547 856 Mothahheri
1580 823 1602 856 s.
1642 825 1769 857 Imami
1801 825 1910 868 Scha-v

222 894 409 928 rat'eddini.

274 957 318 989 ln
343 954 447 987 initio
475 960 596 987 autem
624 952 818 986 obsidionis
849 951 983 985 castelli
1014 949 1130 983 Affari
1154 948 1286 993 legavit
1313 946 1491 981 Lothsalla
1516 947 1645 982 ducem
1673 945 1834 981 Belalum
1860 945 1906 981 ad

230 1016 401 1051 Pas-cham
422 1026 502 1047 cum
523 1013 688 1058 epistola,
715 1024 785 1058 qua
811 1011 985 1048 ostendit,
1013 1015 1149 1054 partem
1178 1009 1331 1052 regionis
1360 1007 1577 1048 al-Scharas,
1603 1022 1695 1055 quae
1723 1008 1834 1053 ipsius
1858 1007 1911 1041 di-

228 1078 317 1112 ti‹-ni
345 1086 440 1108 nunc
473 1073 660 1117 adjacebat
690 1078 726 1106 et
756 1078 861 1105 antea
895 1071 963 1115 ipsi
989 1070 1105 1103 fuerat
1133 1069 1313 1113 subjecta,
1342 1074 1480 1114 captam
1507 1080 1582 1102 esse
1601 1081 1621 1102 a
1641 1068 1906 1107 Gautseddino,

226 1152 296 1184 quo
325 1144 481 1181 tempore
513 1134 798 1167 Dzamarmarum
826 1133 869 1165 ab
898 1130 1056 1169 exercitu
1086 1129 1268 1162 Sultanieo
1297 1130 1527 1163 obsidebatur
1557 1136 1594 1163 et
1623 1142 1700 1164 eam
1727 1130 1907 1175 regionem

225 1200 309 1231 (lein
339 1209 358 1229 a
387 1195 523 1229 Pascha
551 1194 817 1231 Gautseddino‚
853 1192 965 1225 amieo
994 1196 1029 1223 et
1049 1191 1162 1227 socio,
1190 1201 1264 1223 esse
1293 1190 1412 1222 datam
1442 1196 1478 1222 et
1500 1190 1752 1224 confirmatam.
1803 1191 1906 1225 Nunc

228 1271 311 1293 xero
331 1256 486 1300 rogavit,
515 1260 556 1288 ut
574 1255 666 1287 hanc
685 1254 864 1299 quondam
895 1263 993 1285 suam
1023 1251 1220 1294 regionem,
1247 1262 1353 1295 quam
1374 1257 1453 1295 post
1481 1249 1718 1285 Gautseddini
1744 1251 1907 1284 rebellio-

226 1332 306 1353 nem
334 1319 452 1352 denuo
480 1315 616 1348 vicerat
645 1319 681 1346 et
709 1313 913 1349 domuerat,
950 1322 1071 1343 rursus
1099 1322 1119 1343 a
1141 1310 1278 1343 Pascha
1302 1311 1480 1354 acciperet
1509 1310 1612 1343 dono.
1662 1309 1843 1344 Lubenter
1868 1311 1906 1343 id

225 1383 258 1413 ei
282 1378 456 1412 concessit
485 1376 646 1409 Hasanus
676 1379 713 1407 et
731 1386 794 1418 per
822 1372 989 1406 mandata
1019 1371 1156 1404 excelsa
1184 1371 1261 1415 ejus
1290 1370 1442 1414 regionis
1469 1370 1725 1414 possessionem
1739 1377 1775 1404 et
1795 1371 1905 1416 impe-

225 1443 317 1474 1111111
338 1439 371 1472 ei
391 1436 633 1470 confirmavit:
670 1434 859 1480 imperavit
879 1439 956 1466 tum
983 1431 1086 1464 simul
1115 1430 1330 1468 Lothfallae‚
1357 1435 1398 1462 ut
1425 1441 1550 1474 agmen
1569 1441 1609 1462 ex
1636 1429 1739 1462 sociis
1760 1435 1797 1462 et
1811 1431 1904 1463 mili-

226 1502 320 1534 tibus
341 1499 412 1532 suis
438 1509 518 1530 cum
535 1495 719 1541 praesecto
739 1494 892 1527 militum
913 1505 931 1526 e
952 1491 1173 1538 principibus
1197 1490 1291 1523 lecto
1322 1489 1366 1522 ad
1383 1496 1498 1523 castra
1525 1490 1657 1534 inclyta
1684 1489 1843 1522 mitteret
1862 1490 1917 1523 adv

227 1561 405 1598 Aisarum,
433 1558 490 1592 cui
520 1557 687 1590 mandato
717 1555 776 1588 ille
805 1554 925 1587 statim
953 1549 1223 1596 obtemperavit.
1276 1549 1499 1596 Quamquam
1526 1562 1609 1584 vero
1640 1549 1690 1583 sic
1708 1549 1905 1582 arctissime

225 1617 552 1654 circumsedebatur
579 1616 762 1649 castellum
790 1613 924 1651 Affari,
958 1612 1022 1644 diu
1061 1616 1180 1643 tamen
1216 1609 1387 1643 duratura
1415 1610 1605 1643 videbatur
1629 1608 1786 1646 obsidio,
1820 1609 1906 1654 quia

226 1679 357 1715 obsessi
386 1677 485 1711 victu
516 1675 746 1708 abundabant
774 1679 810 1706 et
832 1673 984 1706 Sinanus
1014 1670 1198 1703 tormentis
1220 1670 1364 1703 carebat
1394 1670 1630 1713 gravioribus,
1657 1669 1762 1714 quale
1792 1680 1904 1704 unum

223 1740 407 1776 hhidhrus
428 1738 464 1770 in
492 1736 595 1769 initio
617 1733 819 1768 rebellionis
839 1731 1078 1767 Gautseddini
1103 1742 1224 1764 seeum
1244 1735 1396 1763 traxerat
1415 1742 1527 1775 usque
1553 1731 1597 1763 ad
1618 1730 1816 1767 Imranum,
1853 1730 1907 1763 ibi

225 1815 308 1837 vero
327 1801 520 1844 reliquerat
540 1803 684 1842 propter
705 1794 843 1828 itineris
862 1794 899 1826 in
926 1797 1092 1825 montana
1111 1791 1253 1836 regione
1284 1790 1532 1824 difficultatem
1549 1797 1584 1823 et
1604 1791 1741 1823 viarum
1770 1791 1903 1836 asperi-

225 1871 343 1898 tatem.
395 1861 496 1893 Nunc
517 1870 599 1902 ergo
619 1857 770 1891 Sinanus
789 1854 1027 1888 Ridliwanum
1047 1852 1162 1889 misit,
1188 1851 1411 1896 praesectum
1432 1852 1596 1889 Modaae,
1623 1852 1688 1896 qui
1708 1852 1803 1884 istud
1816 1852 1902 1885 inde

226 1924 431 1960 adveheret.
480 1917 698 1953 Convocavit
717 1916 775 1948 ille
797 1926 917 1948 omnes
939 1913 1051 1946 tribus
1068 1911 1221 1955 regionis
1239 1912 1317 1955 ejus
1343 1912 1401 1944 eui
1420 1918 1598 1956 praeerat,
1624 1924 1688 1956 per
1706 1924 1813 1956 quam
1841 1913 1899 1945 via

226 1987 267 2022 ad
293 1984 452 2018 Aliarum
482 1979 655 2016 ducebat,
689 1983 724 2010 et
748 1976 855 2021 jussit
875 1984 1161 2019 unamquemque
1183 1972 1314 2005 tribum
1335 1972 1423 2005 illud
1443 1972 1582 2004 trahere
1602 1983 1664 2016 per
1691 1977 1800 2004 terras
1822 1984 1900 2004 suas

225 2057 338 2091 usque
369 2044 413 2076 ad
439 2051 559 2074 earum
587 2038 733 2074 limites,
760 2036 821 2069 ubi
846 2034 1026 2067 occursuri
1048 2039 1165 2066 essent
1194 2032 1295 2066 alteri
1324 2031 1452 2069 tribui,
1480 2043 1570 2076 quae
1590 2032 1681 2064 idem
1711 2031 1846 2071 factura
1866 2038 1903 2065 et

227 2107 352 2141 tertiae
375 2103 463 2137 illud
485 2099 659 2134 traditura
679 2101 781 2130 esset.
827 2095 884 2128 Ita
899 2099 1060 2128 recentes
1081 2093 1251 2127 continuo
1274 2092 1372 2126 sessis
1387 2098 1634 2125 successerunt
1655 2097 1690 2125 et
1709 2092 1801 2125 intra
1819 2092 1900 2125 bre-

1835 2164 1903 2185 vrs—

1543 2258 1555 2266 w

283 2285 296 2302 ¹
351 2264 508 2336 ῥῖψ’-,εἰμ’ῶᾷ
537 2261 662 2334 inf-’035
694 2259 822 2318 092¹-ssss
851 2272 949 2314 &Us-
1060 2262 1196 2324 brssffli
1226 2261 1308 2329 *³5:⁴³5
1336 2284 1395 2318 Ua,
1507 2266 1713 2328 ‘³6:⁹⁸⁸‘sz
1742 2255 1854 2316 [saim-
1831 2259 1901 2317 2435
