2055 2865
880 179 1180 220 -ιὶιὸ-ι

212 281 267 317 lae
295 277 427 315 milites
454 274 496 313 'ex'
523 272 622 313 ‘omni
651 275 711 311 illa
736 275 900 323 regione,
933 288 1042 325 qnam
1068 276 1239 324 deinceps
1260 273 1339 312 sine
1363 273 1436 313 ulla
1460 277 1614 320 laesione
1643 279 1877 318 retinuerunt.

260 342 404 376 Interea
420 339 578 378 Pascha,
603 338 740 372 iteratis
761 339 919 378 vicibus,
945 344 1061 373 castra
1079 337 1174 384 apud
1205 339 1491 375 Dzamarmarum
1512 340 1667 385 adierat;
1692 342 1788 389 quod
1821 355 1877 377 εει

210 402 350 436 stallum
368 401 499 447 partim
516 412 618 434 muro
635 399 765 446 partim
784 399 877 433 vallo
894 399 1107 433 circumdari
1129 399 1269 433 curavit
1296 405 1333 433 et
1358 400 1468 446 cingi,
1493 406 1534 435 ut
1553 402 1641 436 adeo
1663 415 1726 448 per
1745 404 1874 439 famem

209 468 372 508 caperet,
396 463 493 508 quod
510 474 575 508 per
592 462 664 495 vim
684 472 885 506 expugnare
905 460 952 494 oh
970 460 1246 494 munitissimum
1271 461 1380 495 situm
1405 461 1588 508 nequibat.
1638 462 1877 506 Quotiescun-

205 534 277 569 que
306 529 427 557 autem
453 524 568 561 venit,
604 522 791 555 alacriores
820 533 901 556 suos
935 522 1092 555 reddidit
1117 527 1154 555 et
1181 522 1444 566 diligentiores3
1475 522 1563 556 ulios
1588 523 1683 556 enim
1712 522 1880 559 laudibus

209 583 460 622 confirmabat.
486 584 573 618 alios
594 582 769 617 incitabat
796 582 1029 627 castigatione
1060 593 1198 625 severa3
1223 582 1310 617 ‚aliis
1337 594 1483 617 munera
1510 582 1636 622 dabat.
1672 589 1789 617 vestes
1815 584 1878 617 ho-

207 644 391 683 norificas,
416 656 598 683 nummos,
624 643 701 678 aliis
717 642 943 676 excelsiorem
963 642 1148 687 dignitatis
1167 643 1315 687 gradum
1343 643 1599 688 pollicebatur;
1628 655 1747 677 omnes
1775 643 1876 678 deni·

206 717 276 751 que
295 709 332 739 et
348 706 502 751 singulos
521 703 728 738 stimulabat
748 702 944 736 secundum
965 704 1139 749 cujusque
1158 703 1339 748 ingenium
1359 709 1396 737 et
1415 703 1588 747 indolem,
1614 710 1655 738 ut
1674 704 1764 739 adeo
1783 716 1875 740 sum·

205 778 262 800 ino
284 778 364 800 cum
381 766 505 799 ardore
526 765 570 797 ad
588 772 675 810 opus
694 763 935 796 incubuerint.

255 828 348 862 Dum
366 827 456 859 haec
475 825 707 869 gerebantur,
734 834 830 856 arma
845 822 977 856 Hasani
999 823 1162 857 victricia
1190 820 1314 858 Alium
1338 818 1482 868 Jahjam
1509 822 1555 857 ad
1578 824 1705 858 incitas
1733 824 1876 870 redege-

207 893 306 929 rant;
341 893 449 932 atque
479 885 641 919 omnihus
670 888 892 930 compertum
918 888 996 917 erat
1024 884 1081 918 vix
1106 885 1215 919 ullam
1240 895 1338 930 spem
1359 883 1501 923 salutis,
1526 883 1660 916 nedum
1686 884 1875 923 victoriae,

207 959 387 981 remanere
407 946 627 988 Lothsallae;
654 946 683 979 si
701 945 866 992 quidem,
893 943 976 978 Alio
998 942 1105 990 Jahja
1131 945 1293 983 devicto,
1320 944 1413 978 solus
1440 955 1461 977 a
1483 943 1596 977 tribus
1619 944 1752 978 Hasani
1777 955 1877 977 exera

206 1008 339 1042 citibus
369 1010 654 1053 oppugnaretur,
688 1006 750 1052 qui
787 1017 832 1039 ne
861 1004 1008 1038 minimo
1046 1005 1193 1051 quidem
1223 1006 1286 1040 uni
1316 1005 1435 1038 adhuc
1462 1016 1526 1050 par
1562 1010 1638 1038 erat
1673 1004 1874 1039 existiman·
1906 995 1908 997 ¹

207 1070 284 1103 dus.
335 1068 516 1102 Ardenter
546 1068 628 1101 ideo
659 1066 797 1112 cupivit
826 1065 929 1099 Alius
956 1064 1082 1109 Jahja‚
1117 1071 1158 1099 ut
1186 1066 1245 1099 ille
1276 1078 1395 1099 secum
1429 1076 1554 1111 pacem
1581 1070 1617 1098 et
1645 1066 1875 1099 securitatem

206 1140 288 1164 cum
310 1129 476 1175 imperio,
504 1137 575 1175 quo
604 1127 774 1161 utebatur
786 1138 798 1165 ,'
829 1126 1009 1171 acciperet
1038 1125 1082 1159 ab
1105 1127 1246 1160 Hasano
1276 1127 1381 1172 eique
1410 1127 1463 1159 rei
1493 1125 1634 1159 sortiter
1659 1126 1879 1171 aliquamdiu

204 1190 356 1228 institit,
383 1189 676 1236 quandoquidem
696 1189 756 1221 ille
776 1199 868 1220 unus
889 1198 907 1220 e
935 1186 1102 1220 fratribus
1129 1199 1249 1221 secum
1277 1187 1349 1220 huc
1378 1197 1491 1231 usque
1520 1186 1701 1220 restiterat
1728 1186 1876 1232 imperio

206 1251 402 1287 Sultanico.
454 1251 523 1284 Sed
544 1250 674 1283 frustra
695 1249 772 1293 ejus
793 1247 880 1281 fecit
900 1247 1120 1280 mentionem
1135 1259 1253 1281 coram
1271 1248 1431 1281 Hasano:
1458 1251 1499 1279 ut
1517 1246 1611 1278 enim
1631 1246 1675 1279 de
1696 1247 1756 1280 illo
1775 1258 1880 1292 agere

208 1311 362 1356 incepit,
390 1312 510 1344 statim
540 1311 692 1344 Pascha:
721 1309 824 1347 huic,
851 1308 987 1353 inquit,
1020 1305 1119 1341 nulla
1144 1313 1197 1342 est
1223 1309 1281 1342 via
1306 1307 1350 1341 ad
1377 1318 1518 1352 pacem,
1544 1307 1613 1339 nisi
1640 1305 1765 1339 dedito
1793 1307 1879 1341 Dza-

209 1382 391 1405 marmaro.
442 1371 501 1405 Ad
526 1372 680 1417 reliqua,
717 1381 808 1416 quae
830 1369 980 1414 protulit
1008 1368 1046 1401 in
1069 1368 1146 1412 ejus
1177 1369 1325 1412 gratiam
1345 1365 1456 1401 ⁷Alius
1485 1367 1608 1412 Jahja‚
1636 1367 1779 1401 omnino
1806 1378 1878 1402 non

209 1433 364 1467 attendit
400 1431 561 1473 Pascha;
594 1436 811 1477 quapropter
846 1429 904 1462 ille
932 1428 1042 1473 probe
1084 1428 1215 1467 sciens,
1252 1427 1464 1461 Lothfallam
1503 1427 1571 1460 hoc
1602 1428 1878 1462 munitissimum

209 1493 393 1528 castellum
423 1504 606 1539 nunquam
632 1491 780 1537 imperio
809 1489 992 1523 Sultanico
1020 1490 1235 1523 traditurum
1253 1514 1260 1527 ‚
1296 1488 1365 1521 nisi
1395 1488 1431 1521 vi
1461 1493 1624 1520 coactum
1642 1513 1649 1526 ,
1685 1488 1780 1522 illius
1804 1500 1877 1521 non

211 1555 362 1588 ulterius
393 1554 480 1587 fecit
499 1554 732 1587 mentionem:
759 1557 941 1589 metuens,
967 1561 1012 1584 ne
1037 1551 1104 1583 sibi
1133 1550 1362 1583 turbarentur
1388 1548 1611 1582 conditiones
1635 1548 1751 1593 pacis,
1777 1547 1881 1593 cujus

209 1617 285 1660 jam
305 1620 379 1647 erat
402 1614 667 1658 cupidissimus,
694 1612 778 1658 quia
797 1610 893 1643 haud
923 1610 1071 1654 amplius
1101 1610 1185 1642 belli
1211 1610 1303 1642 mala
1330 1615 1367 1641 et
1396 1607 1594 1640 infortunia
1622 1613 1763 1651 poterat
1794 1609 1880 1642 tole-

214 1686 302 1708 rare.
353 1674 483 1708 Dedita
499 1685 580 1720 ergo
598 1673 723 1708 Mcdaa
743 1678 780 1706 et
800 1670 943 1705 devicto
970 1670 1053 1703 Alio
1082 1670 1205 1715 Jahja,
1231 1670 1394 1703 Hasanus
1423 1668 1551 1701 ducem
1577 1679 1680 1700 suum
1711 1667 1881 1701 Sinanum

219 1747 301 1770 cum
332 1735 495 1769 omnibus
527 1736 656 1781 copiis,
683 1745 774 1780 quae
801 1732 838 1765 id
865 1731 1048 1765 castellum
1077 1730 1306 1769 obsederant,
1341 1729 1438 1762 misit
1465 1728 1633 1761 adversus
1662 1728 1884 1762 Dzamarma-

218 1807 315 1835 rum,
341 1802 382 1829 ut
399 1797 507 1830 etiam
525 1795 592 1828 hoc
623 1793 805 1827 castellum
836 1791 1020 1824 obsidione
1049 1791 1207 1835 cingeret
1236 1795 1273 1823 et
1300 1793 1516 1834 expugnaret
1540 1793 1576 1821 et
1606 1799 1688 1821 eum
1715 1788 1752 1821 in
1776 1788 1883 1821 finem

220 1856 414 1889 exercitum
442 1867 544 1889 suum
573 1855 806 1900 conjungeret
834 1862 915 1885 cum
941 1850 984 1883 iis
1007 1850 1134 1895 copiis,
1161 1861 1251 1895 quae
1266 1849 1341 1893 jam
1360 1848 1497 1882 dudum
1517 1848 1554 1882 in
1573 1848 1695 1881 castris
1715 1848 1883 1882 Dzamar-

222 1928 320 1951 maro
340 1916 509 1962 oppositis
529 1927 565 1948 se
581 1915 804 1948 retinuerant
823 1917 876 1951 et,
903 1916 1076 1956 quantum
1096 1910 1139 1943 ab
1158 1910 1226 1943 illis
1252 1909 1329 1943 fieri
1348 1914 1531 1954 potuerat,
1560 1908 1886 1942 Dzamarmarenses

224 1983 423 2010 commeatu
441 1974 660 2020 depulerant.
710 1973 788 2006 Hoc
808 1973 845 2006 in
865 1972 992 2005 itinere
1020 1970 1184 2015 pervenit
1221 1969 1371 2003 Sinanus
1397 1969 1442 2003 ad
1468 1973 1624 2001 montem
1649 1967 1835 2001 Dholmam
1851 1973 1883 2007 ³,

225 2050 331 2083 quem
348 2037 445 2082 prius
470 2046 668 2081 expugnare
695 2033 809 2067 voluit
837 2036 874 2065 ct
895 2031 1037 2070 debuit,
1063 2042 1170 2077 quam
1189 2030 1232 2063 ad
1261 2030 1545 2063 Dzamarmarum
1572 2027 1768 2061 accederet.
1817 2027 1886 2061 Hic

227 2104 346 2132 autem
361 2106 460 2130 mons
477 2101 530 2129 est
548 2095 724 2140 proximus
742 2094 988 2126 Dzamarmaro
1010 2098 1047 2126 et
1071 2089 1210 2124 duobus
1232 2088 1383 2122 castellis
1404 2087 1568 2122 Kahrano
1589 2087 1604 2110 b
1631 2093 1667 2122 et
1692 2086 1836 2120 Azzano
1853 2091 1884 2124 ⁰,

228 2169 299 2191 uno
335 2156 476 2191 nomine
515 2154 680 2190 Fisseind
713 2153 837 2192 dictis.
871 2157 995 2198 estque
1023 2151 1130 2197 ampli
1161 2149 1350 2189 circuitus,
1385 2149 1475 2184 altus
1502 2154 1539 2184 et
1564 2159 1672 2195 asper.
1728 2148 1901 2183 Jusserat'

1827 2218 1888 2241 ve-

283 2335 297 2352 ²
315 2328 390 2365 ὡ
413 2334 497 2371 3⁹⁵>-
634 2332 649 2354 ¹³
664 2331 761 2378 υἱέ-ἲ
898 2333 912 2354 ⁶
929 2319 1015 2379 υἷέ·
1150 2324 1165 2349 ‘¹
1182 2310 1311 2385 ᾤ’
