2055 2865
1052 187 1054 192 .
1076 188 1105 209 Ὺ)

915 207 983 216 .-
1037 189 1105 224 Il..
1155 204 1230 212 —.

242 291 324 326 inde
342 287 509 323 Selalium
531 287 552 320 s.
571 285 646 321 Alii
667 284 908 332 impugnaret:
927 291 969 319 ut
990 296 1071 330 ergo
1092 283 1251 330 undique
1263 283 1388 318 eodem
1401 283 1556 331 tempore
1574 285 1709 332 petitus
1731 298 1809 321 cum
1821 284 1919 333 prae}

244 351 380 385 (latoria
398 361 503 382 manu
516 361 657 394 prorsus
677 348 849 381 interiret.
899 346 1030 380 Hasani
1046 345 1212 379 mandato
1231 358 1363 380 morem
1382 354 1564 391 gesserunt
1585 360 1704 382 omnes
1725 349 1775 382 il‘li
1788 349 1919 394 princi-

244 424 303 457 pes
324 416 360 444 et
388 410 550 443 celeriter
570 409 741 442 militibus
772 408 928 441 collectis
957 407 1138 451 regionem
1166 406 1451 442 Khaulanensem
1480 409 1694 453 petiverunt.
1746 409 1849 454 Quod
1880 416 1920 442 ut

243 472 416 517 comperit
436 470 584 504 Selahus
604 469 624 502 f.
645 468 738 507 Alii,
765 470 807 502 iis
818 469 981 502 resistere
999 479 1071 500 non
1089 473 1142 501 cst
1160 479 1282 506 ausus,
1306 470 1367 503 sed
1380 474 1526 503 conatus
1546 474 1599 501 est
1619 479 1682 513 per
1701 469 1920 502 celerrimum

248 536 316 567 iter
337 545 372 567 se
393 532 551 577 recipere
572 531 616 564 ad
633 537 790 564 montem
821 529 1060 563 Beni-Auiani
1077 534 1090 549 ³
1103 554 1110 566 ‚
1136 534 1177 561 ut
1203 530 1252 562 ibi
1272 541 1337 574 per
1366 530 1435 562 loci
1456 529 1681 574 asperitatem
1702 529 1924 574 aliquatenus

247 591 511 629 defenderetur.
563 592 631 625 Per
650 592 835 625 eonsilium
857 602 940 623 vero
961 590 1030 622 hoc
1049 589 1086 621 in
1106 590 1301 633 perniciem
1319 591 1392 623 ruit
1409 603 1523 623 suam:
1551 590 1711 635 plerique
1733 590 1827 622 enim
1848 591 1924 633 ejus

244 655 374 687 milites
395 651 528 685 etsocii
549 651 760 695 equitesque
783 650 1013 682 Schamenses
1033 658 1152 680 omnes
1174 659 1248 681 sese
1269 650 1511 694 disperserunt
1524 648 1689 693 etfugam
1702 655 1923 693 capessentes

249 716 286 747 in
325 713 506 756 regionem
537 711 688 756 quisque
715 719 814 741 suam
844 719 879 739 se
907 712 1135 750 receperunt,
1162 713 1203 740 ut
1224 720 1303 740 cum
1332 709 1454 752 paucis
1484 708 1588 742 modo
1619 708 1703 741 illuc
1731 709 1924 742 advenerit.

250 774 368 809 Facile
388 783 470 815 ergo
492 780 631 803 omnem
657 767 945 800 Khaulanensem
974 765 1155 809 regionem
1175 774 1388 812 receperunt
1406 768 1583 812 principes
1613 768 1785 802 Sultanici
1813 776 1849 802 et
1874 782 1927 802 Γρ-

248 835 437 869 bellionem
456 830 679 876 quorundam
699 828 776 871 ejus
796 827 949 871 regionis
965 838 1135 871 pagorum
1154 829 1307 873 graviter
1326 828 1412 866 ulti,
1441 828 1580 861 obsides
1602 828 1824 862 abduxerunt
1847 832 1926 863 inde

247 895 345 930 haud
374 903 505 938 paucos
534 889 743 935 praesertim
763 901 804 922 ex
830 899 979 921 numero
1001 900 1138 927 eorum,
1166 890 1228 934 qui
1249 894 1309 922 aut
1332 889 1375 922 ad
1404 889 1634 922 rebellionem
1655 889 1928 929 inclinaverant,

249 963 311 991 aut
332 954 460 990 Selaho
480 964 554 986 sese
576 952 688 984 socios
715 950 959 994 adjunxerant.
1011 949 1105 983 Hinc
1124 951 1385 984 contenderunt
1407 951 1529 995 copiae
1552 950 1658 983 trium
1679 950 1818 984 illorum
1837 953 1930 996 prin-

253 1020 371 1063 cipum
386 1017 461 1060 jam
480 1015 517 1046 in
534 1023 646 1046 unum
675 1011 870 1044 exercitum
891 1011 1040 1054 junctae
1066 1017 1147 1056 post
1177 1018 1339 1056 pacatam
1369 1023 1525 1050 onmem,
1561 1023 1652 1057 quae
1680 1011 1931 1051 insurrexerat,

253 1079 435 1121 regionem
455 1075 499 1107 ad
518 1073 690 1106 ditionem
721 1071 857 1108 selahi,
884 1075 925 1103 ut
953 1082 1029 1104 eam
1056 1079 1297 1116 expugnarent
1318 1079 1354 1106 et
1376 1073 1514 1106 Sultani
1537 1073 1754 1118 subjicerent
1775 1073 1930 1118 imperio.

252 1140 299 1173 Et
330 1137 447 1170 adhuc
486 1133 631 1180 quidem
670 1132 814 1166 Atha'iri
844 1133 968 1177 regio,
1006 1133 1197 1177 asperrima
1224 1133 1283 1165 illa
1323 1138 1358 1165 et
1395 1132 1594 1167 fortissimis
1622 1134 1806 1167 abundans
1831 1134 1933 1173 viris,

255 1209 432 1245 quamque
453 1194 741 1228 bellicosissimae
763 1193 1029 1227 circumdabant
1059 1193 1217 1228 Arabum
1247 1193 1377 1230 tribus,
1403 1205 1585 1238 nunquam
1614 1194 1730 1228 suerat
1760 1207 1934 1240 expugna-

254 1267 312 1298 ta,
338 1268 454 1302 neque
486 1256 592 1288 ullius
624 1255 760 1287 externi
789 1255 959 1298 principis
988 1253 1145 1287 dominio
1174 1266 1237 1299 per
1266 1255 1337 1287 vim
1357 1260 1394 1286 et
1414 1266 1508 1287 arma
1534 1254 1650 1288 fuerat
1669 1255 1849 1299 subjecta3
1876 1268 1937 1300 per

257 1320 404 1354 foedera
425 1322 581 1353 tantum,
609 1315 783 1348 sociorum
804 1315 946 1347 nomine
959 1340 966 1351 ‚
993 1314 1071 1358 ejus
1090 1315 1268 1360 principes
1295 1326 1549 1359 nonnunquam
1567 1315 1708 1359 regibus
1727 1315 1939 1361 quibusdam

257 1383 400 1414 fuerant
419 1379 548 1423 juncti.
599 1375 704 1409 Haud
723 1374 916 1408 difficulter
946 1380 1066 1408 tamen
1091 1387 1187 1409 nunc
1216 1375 1360 1407 ahsente
1393 1375 1520 1407 Selaho
1541 1381 1577 1407 et
1597 1375 1760 1420 dispersis
1782 1378 1859 1421 ejus
1881 1390 1938 1410 co-

257 1443 324 1487 piis
342 1440 517 1474 exercitus
539 1437 745 1472 Sultanicus
765 1448 904 1470 omnem
924 1436 1019 1469 illam
1035 1437 1215 1480 regionem
1236 1435 1425 1480 occupavit
1446 1436 1636 1480 sedemque
1667 1436 1743 1478 ejus
1770 1437 1938 1481 principis

257 1505 372 1537 rictor
406 1500 562 1534 intravit.
624 1499 717 1532 Hinc
746 1508 828 1541 ergo
857 1503 1000 1541 praeter
1035 1498 1194 1531 onmium
1232 1508 1350 1530 rerum
1385 1497 1552 1540 praedam
1570 1523 1576 1534 ,
1613 1507 1720 1541 quain
1761 1496 1798 1529 111
1835 1498 1935 1529 terris

257 1564 416 1598 hostium
446 1562 518 1595 vim
550 1567 586 1594 et
618 1559 855 1604 direptionem
883 1558 1043 1591 nondum
1061 1559 1171 1603 passis
1200 1559 1410 1592 invenerant
1436 1558 1765 1603 locupletissimam,
1801 1558 1938 1592 codices

262 1635 369 1668 quam
398 1622 568 1666 plurimos
596 1620 837 1656 abstulerunt,
864 1630 1017 1663 quorum
1045 1631 1232 1653 numerum
1258 1620 1437 1663 ingentem
1467 1618 1616 1652 Sclahus
1645 1618 1793 1663 eju-:que
1821 1621 1942 1664 proavi

264 1685 489 1728 collegerant.
551 1679 688 1713 Deinde
717 1679 760 1711 ad
790 1679 963 1712 pascham
991 1679 1170 1724 principes
1206 1680 1379 1712 miserunt
1419 1691 1536 1712 rerum
1574 1679 1726 1712 feliciter
1766 1686 1941 1724 gestarum

264 1745 429 1778 nuntium
449 1749 483 1775 ct
504 1741 688 1774 redierunt
708 1751 787 1773 cum
814 1739 924 1783 copiis
953 1739 1024 1772 suis
1054 1740 1098 1773 ad
1124 1741 1218 1778 loca,
1246 1751 1337 1785 quae
1368 1745 1450 1773 ante
1481 1740 1572 1772 hanc
1602 1740 1863 1784 expeditionem
1893 1748 1942 1774 te-

263 1811 425 1841 nuerant.
476 1804 526 1836 Ne
545 1808 665 1835 autem
683 1801 818 1834 interea
838 1800 1014 1832 exercitus
1035 1801 1236 1834 Sultanicus
1258 1801 1293 1833 111
1312 1801 1433 1833 castris
1450 1800 1580 1833 Kar-ersi
1599 1801 1771 1834 ai-Waari
1791 1813 1853 1846 per
1871 1803 1942 1835 ‹lis-

266 1878 402 1900 cessum
423 1864 593 1909 principis
613 1862 686 1895 Alii
707 1861 904 1907 quidquam
931 1861 1139 1895 detrimenti
1167 1868 1371 1906 pateretur,
1406 1862 1548 1894 miserat
1576 1861 1710 1894 Pascha
1740 1861 1942 1906 lihondjznn

267 1928 389 1961 Alium
410 1926 453 1958 ad
476 1937 517 1957 ea
539 1929 652 1957 castra
674 1934 755 1956 cum
775 1922 885 1966 copiis
903 1923 1024 1956 multis
1045 1929 1081 1956 et
1102 1922 1230 1956 bellico
1251 1928 1421 1966 apparatu
1441 1923 1656 1957 necessario,
1684 1922 1841 1966 inprimis
1860 1934 1943 1955 vero

266 1987 452 2021 tormentis
471 1986 607 2018 bellicis
630 1984 746 2017 variae
776 1983 1023 2021 dimensionis,
1052 1984 1231 2016 frumento
1263 1983 1417 2028 denique
1448 1989 1484 2016 ct
1513 1982 1699 2027 stipendio.
1750 1983 1841 2014 ilinc
1862 1995 1944 2015 vcro

269 2050 403 2081 lactum
423 2053 494 2085 est,
522 2052 563 2079 ut
583 2051 661 2090 post
690 2044 830 2077 felicem
852 2045 1088 2088 expeditionis
1118 2045 1212 2078 illius
1242 2044 1375 2077 exitum
1404 2050 1439 2076 et
1468 2044 1623 2077 reditum
1656 2043 1835 2086 copiarum
1853 2044 1944 2088 prin-

271 2111 358 2155 cipis
380 2108 471 2145 Alii,
499 2107 674 2140 exercitus
696 2106 754 2139 ille
775 2107 915 2150 egregie
938 2106 1046 2141 suerit
1068 2111 1194 2141 auctus
1214 2111 1250 2141 et
1279 2106 1322 2139 ad
1349 2105 1624 2151 oppugnandum
1645 2105 1817 2138 liminium
1838 2104 1943 2137 Hasn-

272 2184 354 2204 num
376 2170 486 2203 multo
506 2168 661 2213 paratior
682 2167 807 2201 sactus.

1888 2211 1947 2244 In-

331 2298 340 2310 Ἷ
392 2293 394 2300 ’
406 2298 410 2301 ·
522 2301 527 2305 .

331 2308 341 2314 ¹·
393 2306 451 2322 as:
504 2307 542 2323 <Aa

361 2324 424 2340 μμ
482 2320 554 2341 D.-
