2055 2865
813 135 1097 170 -99—÷

111 232 396 281 sandjakbegos
406 231 612 267 Sultanicos
646 229 924 268 Mothahherum
958 231 982 266 f.
1016 231 1272 268 Mohammedis
1306 231 1511 268 Schowaiae
1546 233 1735 272 Hamzium
1762 241 1775 259 ²

109 296 332 348 Praefectum
345 294 474 340 Djofae
492 300 530 328 et
545 294 746 334 Dhahirae,
771 299 809 328 et
828 292 1025 332 Hafidhum
1051 292 1073 327 f.
1094 294 1210 328 Nasiri
1230 295 1418 330 Hamzium
1439 297 1589 344 ejusque
1615 311 1796 347 sequaces.

107 361 315 405 Pugnatum
333 362 454 391 autem
472 362 536 390 est
547 356 718 402 utrinque
747 367 828 389 cum
856 354 939 388 odio
966 354 1280 391 vehementissimo
1308 358 1477 391 atiociter
1505 359 1716 401 admodum,
1743 363 1795 397 ita

110 427 171 460 ut,
197 429 280 453 cum
295 419 466 464 utrinque
495 418 617 452 hastae
648 424 684 452 et
702 417 809 462 gladii
836 421 954 450 essent
982 417 1098 461 rupti,
1135 418 1234 451 collis
1260 419 1542 455 adversariorum
1570 423 1805 459 adhaeserint

108 481 270 528 plerique
291 486 333 514 ut
352 488 413 513 eo's
431 479 657 514 suffocarent.
708 479 890 522 Fugerunt
908 477 1052 511 tandem
1068 478 1217 511 -Hafidhi
1236 480 1342 518 socii,
1377 493 1529 526 quorum
1551 483 1655 529 longe
1683 487 1795 520 maxi-

106 553 166 578 ma
194 554 275 588 pars
301 541 487 575 interierat
517 546 553 573 et
577 540 636 574 vix
661 540 768 585 pauci
796 540 1090 585 persequentium
1113 540 1280 575 ,manibus
1317 553 1393 574 sese
1430 544 1648 595 eripuerunt.
1708 547 1795 592 Ejus

110 615 250 651 pugnae
279 613 388 635 causa
412 607 488 635 erat
513 601 673 635 simultas
700 601 864 647 antiqua,
890 610 991 647 quae'
1012 613 1032 634 a
1051 601 1212 647 patribus
1240 607 1277 636 et
1298 603 1438 647 proavis
1457 603 1674 641 hereditario
1692 611 1794 654 quasi

102 666 187 711 jure
207 663 251 696 ad
271 662 350 696 illos
368 668 582 708 pervenerat
598 676 764 710 quaeque
786 669 863 697 orta
878 669 954 697 erat
971 675 1014 696 ex
1031 675 1121 697 nece
1140 663 1412 698 Schamscddini
1426 665 1447 699 s.
1471 666 1598 700 Imami
1620 668 1793 705 Ahmedis

104 725 312 763 f..Hoseini,
339 725 398 762 ,vel
427 726 625 762 secundum
647 726 734 760 alios
761 738 802 759 ex
829 736 918 759 nece
940 724 1197 759 Mohammedis
1226 725 1248 759 f.
1278 727 1444 766 Hoseini,
1483 729 1585 773 cujus
1615 733 1796 776 sanguinis

106 787 198 822 ultio
216 785 378 821 nondum
404 792 480 820 erat
507 793 673 832 peracta:
700 787 787 820 licet
815 786 893 826 ille,
919 792 1002 820 uter
1030 786 1175 820 tandem
1196 786 1323 821 horum
1349 788 1476 828 fuerit,
1501 791 1656 826 moriens
1680 795 1798 828 vindi-

105 853 202 883 etam
221 848 406 883 vetuisset.
455 847 607 881 Avitum
628 847 718 882 illud
743 848 866 883 odium
884 853 927 882 ut
943 847 1082 894 pridem
1108 854 1297 895 utramque
1326 849 1496 884 familiam
1525 853 1665 897 saepius
1693 855 1795 890 luctu

104 910 306 956 repleverat
326 913 363 942 et
380 907 590 943 damnorum
608 909 803 944 multorum
824 910 942 945 suerat
966 922 1091 953 eausa3
1119 922 1256 955 semper
1278 911 1373 945 enim
1393 912 1422 945 si
1447 912 1492 945 ab
1519 913 1620 948 hoste
1638 918 1794 961 quodam,

105 971 198 1005 alter
222 968 517 1015 impugnabatur,
553 971 700 1005 alterius
736 972 867 1005 auxilia
901 971 998 1005 hosti
1026 972 1230 1017 cuicunque
1265 971 1573 1018 adjungebantur;
1610 977 1660 1010 ita
1695 991 1792 1014 nune

106 1044 252 1079 quoque
270 1038 459 1077 utramque
481 1030 577 1063 haud
595 1043 721 1076 parum
730 1033 843 1066 laesit.
870 1032 1009 1065 Pascha
1027 1033 1122 1065 enim
1142 1044 1245 1077 aegre
1257 1032 1447 1067 admodum
1465 1035 1581 1070 ferens
1596 1039 1796 1082 praefectos

108 1094 310 1128 Sultanicos
328 1093 400 1126 hac
417 1092 555 1126 ratione
577 1092 712 1126 viribus
733 1099 770 1126 et
788 1093 952 1138 potentia
963 1105 1025 1126 sua
1051 1092 1152 1126 abuti
1171 1093 1215 1126 ad
1237 1105 1273 1126 se
1294 1094 1449 1127 invicem
1475 1095 1685 1137 laedendos,
1712 1102 1797 1135 dum

106 1155 289 1188 numerosi
315 1153 435 1187 adhuc
465 1154 502 1186 in
530 1153 678 1187 Jemana
702 1160 821 1188 essent
847 1154 997 1200 imperio
1023 1154 1230 1189 Otsmanico
1251 1156 1462 1195 adversarii,
1488 1158 1666 1204 principes
1688 1174 1796 1206 quos-

105 1215 189 1250 dam
212 1221 250 1248 et
278 1214 502 1258 dignissimos
532 1226 694 1260 quosque
731 1214 869 1249 Arabes
908 1216 1121 1249 convocavit
1151 1222 1188 1250 et
1222 1229 1264 1250 ex
1299 1217 1439 1251 illorum
1473 1221 1674 1259 sententia,
1711 1235 1791 1257 cum

105 1276 270 1310 inducias
300 1275 405 1308 unius
431 1275 515 1309 anni
543 1276 613 1310 illis
652 1276 800 1316 indixit,
838 1283 915 1310 tum
942 1277 1128 1311 castellum
1161 1277 1283 1312 Zahiri
1310 1278 1547 1314 Mothahhero
1578 1281 1726 1317 abstulit
1754 1291 1791 1319 et

101 1336 281 1382 praesidio
301 1336 485 1370 Sultanico
504 1337 538 1371 ei
554 1337 719 1382 imposito
731 1338 895 1382 adjunxit
909 1338 1058 1383 imperio
1079 1338 1294 1374 Otsmanico.

117 1428 123 1434 ,
154 1398 234 1432 Jam
261 1409 345 1432 vero
375 1397 420 1431 ad
445 1397 684 1433 Gautseddini
710 1410 765 1431 res
794 1411 900 1444 quam
927 1400 1076 1433 maxime
1104 1401 1263 1434 animum
1289 1401 1477 1437 intendere
1502 1406 1620 1450 coepit
1643 1406 1789 1442 Pascha.

104 1458 207 1494 Vidit
228 1459 324 1491 enim
341 1470 414 1491 non
432 1459 508 1492 sine
536 1459 798 1498 sollicitudine,
826 1462 944 1505 copias
970 1474 1058 1507 quas
1087 1461 1122 1494 ei
1152 1469 1382 1506 opposuerat,
1411 1465 1479 1498 etsi
1501 1469 1704 1512 nuperrime
1727 1482 1791 1515 por

104 1516 296 1554 Abdallam
318 1517 341 1550 f.
363 1517 471 1551 Idrisi
490 1519 564 1552 Alii
584 1519 757 1554 adauctae
773 1527 910 1561 essent,
934 1533 1008 1557 non
1033 1528 1152 1557 tamen
1170 1535 1272 1569 pares
1293 1536 1368 1558 esse
1390 1527 1654 1572 comprimendo
1671 1530 1791 1566 sortis-

104 1580 193 1613 simo
213 1578 266 1611 illi
276 1578 449 1623 principi,
476 1580 580 1624 cujus
599 1580 745 1614 ditionis
765 1583 915 1615 maxima
934 1595 1014 1628 pars
1031 1585 1213 1618 montibus
1229 1587 1428 1630 praeruptis
1448 1588 1666 1625 circumdata
1687 1595 1790 1627 etin-

106 1639 272 1673 termixta
289 1649 362 1671 non
379 1639 447 1672 nisi
466 1651 487 1673 a
505 1640 676 1673 validiore
697 1646 734 1674 et
752 1643 994 1677 numerosiore
1020 1645 1180 1678 exercitu
1197 1651 1316 1690 posset
1336 1646 1476 1691 subjici.
1517 1649 1669 1693 Quando
1695 1656 1790 1688 enim

105 1701 237 1734 montis
264 1699 416 1745 alicujus
439 1706 515 1733 erat
546 1702 682 1746 potitus
714 1702 916 1744 Khidhrus‚
953 1704 1085 1739 frustra
1117 1706 1274 1740 militum
1301 1717 1375 1740 non
1405 1719 1484 1742 raro
1519 1710 1789 1750 tortissimmum

106 1761 243 1795 fecerat
261 1761 465 1805 jacturam,
498 1763 567 1795 nisi
606 1763 784 1808 praesidio
823 1777 905 1799 eum
932 1766 1102 1814 deinceps
1134 1774 1314 1807 tueretur,
1351 1771 1448 1814 quod
1479 1772 1626 1818 quidem
1655 1776 1790 1823 ubique

106 1822 223 1857 laceio
253 1834 323 1855 non
348 1829 491 1868 potelat
518 1823 564 1857 ob
591 1825 746 1859 militum
782 1826 975 1861 desectum.
1027 1829 1253 1869 Accedebat,
1286 1831 1384 1876 quod
1419 1831 1686 1871 Gautseddinus
1715 1852 1787 1873 non

105 1883 285 1917 desineret
302 1895 366 1929 per
382 1885 520 1919 litteras
541 1892 576 1919 et
594 1888 741 1922 nuntios
758 1889 949 1922 sollicitare
967 1889 1147 1936 principes
1166 1890 1354 1938 plerosque
1369 1893 1528 1928 tribuum
1546 1897 1787 1943 adjacentium

106 1945 156 1977 eis
185 1945 391 1984 suadendo,
435 1953 476 1980 ut
523 1947 734 1981 deficientes
758 1960 778 1981 a
819 1950 967 1983 Sultano
1004 1962 1043 1984 se
1073 1952 1285 1997 adjuvarent
1314 1959 1351 1987 et
1387 1955 1589 1992 libertatem
1627 1962 1787 1995 amissam

106 2012 366 2048 recuperarent.
417 2007 463 2040 Et
490 2007 609 2040 adhuc
634 2008 784 2054 quidem
810 2011 909 2045 nulla
935 2011 1049 2046 tribus
1070 2013 1105 2046 ei
1130 2025 1234 2059 opem
1262 2014 1411 2055 tulerat,
1448 2024 1510 2052 aut
1536 2020 1665 2054 litteris
1686 2023 1782 2057 hisce

103 2064 256 2108 decepta
281 2066 369 2099 eise
398 2066 626 2111 adjunxerat,
654 2075 776 2105 contra
802 2083 886 2107 vero
907 2085 1027 2110 omncs
1046 2075 1225 2122 principes
1254 2076 1298 2110 ad
1322 2089 1411 2123 quos
1442 2080 1616 2125 ejusmodi
1642 2083 1783 2117 litterae

1683 2152 1783 2181 erant

156 2228 318 2284 23:5³³
346 2248 468 2297 „mss
495 2256 606 2284 m
633 2265 676 2300 0¹³
703 2236 817 2306 ῥῶς

1095 2335 1175 2376 ΗΞ
