2055 2865
906 158 1190 197 asa-a

215 271 358 311 zeddini
397 266 600 314 sepulcrum
636 263 767 298 iterum
797 257 958 300 adiciam
993 254 1091 304 quod
1116 256 1192 301 jam
1218 249 1317 301 prius
1357 252 1563 289 visitaverat
1601 245 1678 299 ipso
1709 247 1888 286 adventus

217 338 270 371 sui
297 332 341 367 nd
367 328 618 363 Caucabanum
641 324 719 366 die3
755 328 793 358 et
812 333 893 357 cum
919 318 1047 366 pietati
1076 327 1158 362 erga
1184 320 1322 363 patrem
1351 314 1489 348 sincero
1517 314 1606 349 fietu
1636 318 1673 348 et
1699 311 1885 358 lacrymis,

221 405 297 431 tum
339 391 520 428 amicitiae
556 398 639 436 erga
672 386 787 421 filium
816 381 1013 429 magnificis
1048 378 1256 414 muneribus
1284 375 1524 414 satisfecerat,
1560 387 1581 409 a
1608 372 1890 410 Schamseddino

215 460 368 492 <leuatus
389 455 464 501 ipse
479 451 589 487 vertit
609 461 646 484 se
666 446 711 483 ad
732 451 847 481 eastra
877 444 1030 490 inclyta,
1056 453 1167 487 prope
1193 439 1332 475 Tsolam
1359 438 1495 485 posita,
1530 448 1601 471 una
1631 447 1712 470 eum
1739 434 1890 470 Setiam-⁴

215 518 383 555 >eddium
409 525 518 562 quem
535 511 640 547 multi
660 508 766 547 socii,
793 505 952 552 cognati,
978 503 1184 549 militesque
1209 500 1489 538 comitabantur,
1516 504 1554 532 et
1581 495 1843 532 Abdarrahimo
1863 494 1890 528 f.

216 576 513 615 Abdarrahmani.
563 572 623 608 Ad
644 583 685 606 ea
704 576 746 605 ut
774 571 1002 604 accesserunt
1014 592 1022 605 ,
1040 570 1203 611 paratum
1220 563 1436 596 invenerunt
1454 559 1659 594 convivium
1678 554 1894 604 splendidis-⁴,

215 645 361 680 simum,
389 639 486 686 quod
504 638 542 671 in
560 632 725 670 tentoriis
750 628 991 676 compluribus
1009 625 1207 673 parandum
1223 628 1411 658 curaverat
1438 620 1577 656 Pascha
1603 620 1642 654 in
1671 629 1776 652 suum
1807 626 1893 660 suo-⁴

217 713 367 749 rumque
394 700 599 734 adventum,
650 693 824 739 Epulatus
849 695 936 724 tunc
963 692 1019 722 est
1045 687 1209 721 Hasanus
1235 695 1316 718 cum
1341 683 1505 718 omnibus
1530 678 1769 728 principibus,
1794 687 1892 721 mag-

216 763 378 801 natibus,
404 758 578 794 militibus
598 751 790 789 Sultanicis
815 755 853 785 et
879 747 1032 783 subditis
1061 745 1258 783 Arabibus,
1284 744 1347 790 qui
1374 755 1417 778 eo
1446 743 1505 777 die
1531 741 1582 775 ibi
1612 739 1777 776 aderant:
1803 746 1892 783 epu-

214 827 328 870 lisque
349 819 521 857 absolutis
549 815 686 850 dimisit
712 808 1015 847 Abdarrahimum
1041 812 1079 841 et
1108 803 1446 841 Schamseddinum,
1480 804 1728 835 remuneratus
1751 802 1890 834 utrum-

214 896 284 929 que
303 881 518 927 principem,
545 873 816 911 Caucabanum:
844 868 904 903 cui
923 867 1091 903 mandato
1109 870 1262 911 uterque
1282 875 1303 898 e
1323 861 1475 907 vestigio
1497 860 1674 898 obedivit,
1698 864 1889 904 postquam

214 940 514 977 schamseddimis
544 936 686 973 veniam
711 933 866 979 petierat
893 934 930 963 ct
949 933 1138 974 acceperat
1155 925 1295 960 itineris
1323 924 1368 958 ad
1389 924 1619 958 Meswarum,
1644 922 1687 952 ut
1705 916 1744 951 id
1763 916 1889 950 castet-

215 1008 287 1039 tuzu
307 1004 458 1049 ejusque
478 998 660 1044 regionem
679 993 874 1030 inviseret,
901 995 938 1024 et
958 987 1221 1023 Abdarrahimo
1242 985 1383 1020 veniam
1402 982 1553 1016 dederat
1572 978 1711 1015 Pascha
1738 977 1894 1013 redeuu-

216 1068 253 1100 rii
278 1065 322 1099 ad
339 1070 513 1097 terrarum
532 1055 712 1102 Hadjdjae
731 1057 869 1099 partem
881 1076 889 1090 .
918 1050 977 1084 cui
1001 1047 1199 1093 imperabat
1218 1045 1362 1080 nomine
1379 1042 1530 1078 Sultani.

263 1120 496 1170 Aliquamdiu
524 1118 561 1152 in
586 1115 710 1150 castris
743 1115 980 1148 commoratus
1007 1107 1145 1142 Pascha
1181 1106 1315 1152 legavit
1340 1103 1521 1151 quendam
1550 1114 1569 1137 e
1598 1099 1790 1136 comitibus
1819 1097 1894 1133 suis

218 1189 261 1221 ad
292 1183 477 1219 castellum
512 1177 749 1214 Hadhourum
786 1170 988 1209 al-Masani,
1023 1168 1087 1215 qui
1116 1167 1162 1202 de
1190 1167 1269 1212 ejus
1308 1165 1493 1200 deditione
1519 1164 1784 1209 colloqueretur
1810 1170 1893 1195 cum

226 1246 383 1283 &tanede
404 1243 427 1277 f.
448 1237 705 1275 Mohammedis
731 1230 925 1272 al-Hamzi‚
951 1227 1152 1268 al-Hasani,
1185 1227 1321 1262 castelli
1350 1225 1543 1273 praefecto.
1593 1224 1771 1268 Apertum
1797 1222 1895 1256 enim

221 1316 295 1345 frat
316 1305 479 1341 omnibus
500 1300 590 1335 illud
610 1297 748 1333 diutius
766 1293 914 1330 defendi
930 1304 1003 1327 non
1017 1302 1136 1336 posse:
1162 1289 1260 1335 quod
1277 1290 1386 1323 etiam
1396 1286 1577 1322 Ahmedes
1597 1284 1814 1331 perspiciens
1831 1293 1894 1327 op-

219 1373 348 1404 timum
374 1371 472 1400 ratus
502 1367 557 1397 est
580 1365 616 1394 et
643 1369 726 1392 cum
754 1355 906 1390 maxime
935 1352 1088 1388 salutare
1115 1356 1192 1385 tum
1211 1348 1468 1386 necessariumf
1495 1353 1538 1381 ut
1567 1357 1604 1380 se
1628 1344 1793 1380 celeriter
1822 1348 1894 1377 tra·

222 1434 324 1465 deret
345 1443 351 1461 :
386 1430 647 1474 proptereaque
676 1419 784 1465 petiit
818 1417 863 1451 ab
896 1416 1038 1450 Hasano
1063 1424 1164 1448 suam
1190 1416 1229 1446 et
1254 1421 1398 1446 suorum
1423 1408 1574 1443 salutern
1604 1412 1641 1440 et
1666 1405 1897 1440 securitatem

224 1502 260 1528 et
286 1499 327 1527 ut
357 1490 425 1525 sibi
455 1488 742 1534 proponerentur
765 1479 865 1527 pacis
902 1476 1146 1515 conditiones,
1179 1483 1268 1520 quas
1306 1471 1367 1506 ille
1393 1468 1601 1516 postularet.
1658 1465 1785 1500 Missus
1808 1471 1897 1499 tune

224 1563 278 1589 est
302 1553 480 1588 Hoseinus
505 1544 706 1593 Djaousch,
741 1554 763 1577 a
791 1554 863 1588 quo
892 1552 935 1575 ex
961 1537 1178 1574 auctoritate
1207 1532 1366 1570 Paschae
1393 1530 1528 1569 omnia,
1559 1539 1652 1575 quae
1679 1526 1724 1561 ad
1752 1524 1900 1560 honori-

223 1618 328 1650 ficam
351 1611 573 1646 deditionem
598 1605 798 1651 pertinent,
826 1601 894 1647 ipsi
913 1605 995 1634 sunt
1016 1608 1201 1636 concessa,
1231 1595 1367 1642 quique
1393 1592 1517 1626 dedito
1538 1589 1682 1624 castello
1708 1586 1793 1622 inde
1820 1586 1899 1621 abs·

226 1674 382 1722 portavit
421 1670 606 1717 pulverem
639 1666 812 1698 nitratum
833 1689 840 1702 ,
875 1661 1061 1707 plumbum
1089 1663 1127 1693 et
1154 1657 1332 1703 reliquum
1367 1658 1576 1700 apparatum
1620 1649 1789 1683 bellicum
1818 1657 1900 1680 cum

225 1737 374 1772 maxima
396 1729 566 1767 frumenti
584 1732 705 1773 parte,
730 1730 768 1759 et
786 1723 894 1758 rediit
911 1722 955 1755 ad
973 1719 1148 1756 Pascham
1175 1726 1257 1752 cum
1275 1715 1458 1753 Alnnede,
1486 1713 1545 1747 cui
1564 1711 1695 1746 redditi
1722 1715 1804 1743 sunt
1825 1708 1900 1753 agri

225 1802 421 1843 „minusque
438 1820 445 1833 ,
481 1802 570 1838 quos
599 1786 806 1834 possidebat
831 1785 870 1819 in
897 1782 996 1817 urbis
1025 1781 1160 1815 Sanaae
1189 1777 1380 1813 territorio.
1431 1772 1642 1819 Praeposuit
1666 1770 1797 1804 deinde
1826 1769 1896 1802 Ha-

227 1872 330 1896 8311113
356 1854 552 1891 Hadhouro
581 1848 805 1896 praesectum
832 1856 914 1880 cum
939 1842 1116 1890 praesidio
1143 1839 1345 1877 Sultanico,
1375 1837 1413 1871 et
1441 1835 1515 1881 ipse
1544 1832 1633 1867 illud
1654 1831 1743 1864 adiit
1770 1829 1897 1863 castel·

230 1925 319 1960 lum,
346 1915 444 1965 quod
460 1915 497 1948 in
522 1909 703 1945 altissimis
732 1909 901 1943 Jemanae
931 1902 1073 1937 arcibus
1098 1905 1325 1937 numeratur,
1361 1903 1403 1932 ut
1426 1897 1504 1942 ejus
1532 1894 1704 1928 inviseret
1733 1891 1841 1925 situm
1860 1895 1898 1924 et

228 1979 489 2018 conditionem:
515 1985 587 2020 quo
607 1971 720 2009 facto,
745 1967 854 2003 rediit
873 1965 918 2000 ad
941 1968 1056 1998 castra
1085 1973 1149 1996 sua
1178 1959 1273 2007 apud
1293 1958 1418 1993 Tsolne
1434 1957 1619 1991 castellum
1639 1958 1676 1991 et
1698 1949 1898 1984 Ahmedem

227 2053 309 2078 cum
337 2041 415 2085 ejus
444 2036 576 2071 familia
604 2040 640 2067 et
667 2031 788 2066 liberis
816 2030 966 2065 Sanaam
991 2023 1146 2064 dimisit,
1182 2019 1324 2057 camelis
1348 2019 1382 2054 ei
1406 2016 1581 2053 concessis
1609 2013 1673 2062 qui
1699 2011 1791 2045 bona
1821 2010 1898 2055 ejus

227 2104 345 2140 omnia
364 2101 450 2135 illuc
471 2098 762 2141 transportarent.

274 2160 509 2200 perlustravit
544 2157 714 2200 deinceps
747 2162 855 2197 opera
886 2147 1025 2183 munita
1055 2145 1199 2181 castello
1225 2143 1349 2179 Tsolae
1377 2140 1565 2188 opposita,
1598 2148 1666 2173 nec
1699 2132 1895 2181 quidquam

606 2216 703 2250 sione
732 2212 898 2256 dignum:
935 2214 1057 2242 contra
1085 2219 1170 2241 vero
1199 2205 1392 2252 plurimum
1416 2199 1578 2236 laudavit
1604 2194 1820 2232 Desterdarii
1846 2191 1898 2226 di-

1752 2252 1899 2298 Legavit

1817 2312 1899 2359 qui-

230 2224 400 2271 comperit
428 2218 604 2266 reprehen

226 2285 410 2335 ligentiam
437 2288 476 2319 ct
503 2278 663 2315 studium
690 2274 743 2311 rci
775 2270 979 2310 Sultanicae
1010 2273 1048 2304 et
1074 2266 1209 2314 optima
1244 2277 1410 2313 quaeque
1441 2262 1492 2297 illi
1520 2258 1692 2308 promisit.
