2055 2865
881 189 1186 224 ——124—

194 296 267 334 post
294 287 455 321 interitum
483 287 586 327 primo
611 285 701 316 cruci
728 289 774 315 est
798 285 930 323 affixus3
954 285 1091 322 deinde,
1116 294 1253 326 corpore
1279 288 1444 320 cremato.
1467 284 1535 326 ejus
1569 290 1666 327 caput
1698 285 1773 326 palo
1800 283 1863 315 suf-

196 348 293 377 fixum
317 343 463 374 Damasci
488 346 532 372 est
556 341 745 381 expositum.
789 340 967 381 Aliquanto
991 345 1061 381 post
1091 340 1160 382 ejus
1191 339 1314 371 obitum
1344 338 1414 380 ejus
1443 339 1526 370 filius
1552 342 1646 384 Jahja
1672 344 1694 374 t'.
1719 342 1807 373 Zeidi
1831 343 1863 372 in

195 400 360 444 provincia
380 397 568 428 Khorasaue
587 397 750 428 rebellavit
771 398 920 428 adversus
938 395 1103 427 Khalisam
1123 395 1289 426 Walidum
1310 394 1333 426 f.
1358 394 1458 424 Jozidi
1479 395 1573 436 eique
1591 408 1647 437 per
1669 398 1762 428 breve
1783 403 1862 428 tem-

195 467 256 498 pus
281 455 415 486 restitit:
439 453 569 483 tandem
594 462 670 483 vero
701 451 949 482 infelicissimum
976 456 1112 482 conatus
1135 450 1203 492 ejus
1231 449 1343 480 habuit
1370 451 1488 481 exitum
1512 456 1542 482 et
1569 463 1642 483 cum
1673 457 1864 494 sequacibus

194 516 322 542 tautum
350 519 415 540 non
442 507 589 538 omnibus
618 506 796 547 pugnando
821 506 986 537 occubuit.
1041 507 1130 537 Licet
1159 515 1234 536 vero
1265 508 1358 535 semet
1393 508 1572 547 iterumque
1604 507 1673 549 ejus
1696 515 1869 540 sectatores

195 570 297 597 essent
325 564 443 595 devicti
465 568 495 594 et
520 562 679 594 fortissimi
713 562 834 602 quique
859 571 896 591 ex
928 572 1037 592 eorum
1069 570 1202 591 numero
1234 560 1439 596 interiissent,
1473 571 1538 592 non
1568 566 1674 594 tamen
1707 564 1868 596 desierunt

195 621 317 652 abhinc
347 619 483 649 Khulifis
506 629 570 649 sese
600 629 783 659 opponere,
821 628 895 648 cum
923 615 1117 656 Omaijadis,
1150 620 1216 645 tum
1251 615 1441 652 Abbasidis,
1475 617 1731 659 quotiescunque
1757 621 1866 660 aliqua

195 676 361 707 Midan-um
387 674 504 703 familia
541 674 583 703 ad
609 683 680 703 eum
705 672 866 713 potentiae
897 670 1033 712 gradum
1058 674 1136 700 esset
1162 673 1294 706 evecta,
1318 675 1352 700 ut
1383 671 1535 701 tumultus
1560 673 1710 713 bellaque
1740 684 1867 705 movere

195 738 312 774 posset.
357 729 505 769 Inprimis
529 732 633 757 autem
655 726 797 756 Zeiditae
817 725 929 756 sensim
948 734 1082 755 numero
1103 728 1174 753 sunt
1193 724 1280 754 aucti
1299 722 1420 754 Coufae
1438 731 1469 756 et
1488 726 1520 757 in
1541 733 1696 760 montana
1717 729 1869 760 ,lemanae

196 789 343 829 regione,
378 789 475 823 atque
507 781 577 816 hic,
614 781 819 821 regnantibus
844 781 877 811 in
900 781 1048 820 Aegypto
1081 778 1294 814 Faffiemidis,
1321 780 1504 819 principum
1533 780 1729 813 Zeiditarum
1756 786 1868 819 series,

195 843 275 873 Beni
301 837 510 870 Thabatheba
540 837 688 872 nomine,
723 835 902 876 imperavit.
962 835 1035 865 Post
1065 833 1324 864 Fathemidarum
1352 834 1469 865 deinde
1502 845 1588 866 anno
1615 836 1678 868 567
1712 839 1869 877 (1171—

199 899 305 937 1172)
329 896 490 926 interitum
523 891 611 922 haud
640 901 751 932 parum
784 891 884 922 crevit
910 891 943 920 in
969 890 1101 920 Jemana
1133 889 1321 927 Alidarum,
1356 890 1543 930 praesertim
1569 900 1698 927 eorum,
1723 894 1779 932 qui
1805 892 1871 922 Zei-

196 954 273 984 dum
296 952 320 982 f.
340 950 402 980 Alii
416 949 437 979 f.
459 948 584 978 Hoseini
607 948 765 977 Imamum
782 946 1037 988 profitebantur,
1059 955 1207 976 numerus
1230 950 1260 976 et
1282 945 1456 976 auctoritas
1470 969 1477 982 ,
1502 951 1533 976 et
1555 947 1610 976 illo
1634 947 1771 987 primum
1793 951 1873 977 tem-

194 1020 294 1050 pore,
318 1008 376 1038 sub
398 1003 563 1034 Khalifatu
594 1002 763 1033 Mostadhii
792 1001 998 1038 Abbasidae,
1021 1001 1141 1041 primus
1164 1003 1196 1032 in
1226 1001 1363 1032 Jemana
1388 1001 1501 1032 Imami
1526 1012 1642 1032 nomen
1669 1006 1699 1031 et
1731 1002 1874 1043 dignita-

195 1068 260 1092 tem
288 1060 437 1102 surripuit
463 1059 559 1099 Jahja
590 1058 612 1088 f.
646 1057 774 1088 Hoseini
798 1057 820 1088 f.
846 1057 975 1088 Kasemi
998 1067 1035 1087 ex
1061 1058 1194 1098 posteris
1223 1057 1284 1086 Alii
1307 1056 1329 1086 f.
1352 1056 1618 1093 Almo-Thalem,
1644 1057 1700 1098 qui
1736 1059 1873 1088 moriens

196 1117 332 1148 eandem
351 1116 541 1156 dignitatem
561 1113 628 1144 filio
651 1113 830 1144 Mostadhio
853 1113 995 1153 reliquit.
1040 1111 1090 1141 Ab
1110 1112 1165 1141 illo
1189 1111 1265 1142 inde
1285 1115 1428 1151 tempore
1450 1112 1593 1143 Zeiditae
1613 1118 1685 1143 sunt
1710 1114 1815 1144 vocati
1840 1120 1870 1144 et

196 1172 310 1202 sensim
337 1171 476 1201 maxima
503 1169 639 1210 Djibalis
662 1179 736 1210 pars
757 1168 873 1210 Jahjae
892 1168 1026 1209 ejusque
1047 1166 1281 1198 successoribus
1301 1166 1420 1206 paruit.
1465 1166 1687 1207 Regnantibus
1710 1173 1815 1199 autem
1836 1169 1869 1199 in

197 1229 332 1257 Jemana
357 1225 550 1266 Aijoubitis,
574 1228 609 1253 ut
630 1224 800 1263 plurimum
823 1223 933 1262 quiete
953 1223 986 1252 in
1007 1222 1173 1252 montibus
1193 1222 1255 1251 suis
1272 1221 1439 1256 vixerunt,
1465 1225 1495 1250 et
1517 1222 1632 1261 partim
1657 1223 1795 1261 ipsorum
1815 1233 1873 1262 po-

198 1282 315 1316 tentia,
342 1280 458 1321 partim
477 1278 714 1320 Aijoubitarum
736 1278 898 1308 discordia
918 1276 1070 1316 bellaque
1090 1277 1189 1306 multa
1214 1276 1362 1306 intestina
1380 1277 1545 1312 fecerunt,
1571 1281 1604 1306 ut
1624 1286 1733 1307 secure
1754 1277 1870 1318 degere

196 1338 229 1367 in
251 1336 377 1378 Djibale
398 1335 572 1376 potuerint.
619 1333 685 1364 Sub
705 1333 956 1364 Rasoulidarum
977 1341 1051 1363 vero
1074 1331 1209 1372 imperio
1231 1332 1331 1372 magis
1350 1332 1516 1372 magisque
1535 1331 1725 1372 inceperunt
1749 1334 1873 1374 imperii

197 1395 243 1424 sui
268 1393 347 1423 fines
365 1392 531 1433 prolatare
545 1413 552 1427 ‚
578 1394 609 1421 et
631 1390 717 1421 omni
737 1389 801 1420 fere
826 1389 955 1431 Djibale
976 1388 1126 1423 deviem,
1151 1387 1324 1428 Sanaaque
1338 1409 1347 1426 ,
1372 1397 1472 1428 quam
1492 1386 1582 1426 regni
1606 1386 1750 1419 fecerunt
1774 1394 1874 1430 caput

197 1457 228 1481 et,
252 1450 366 1480 Imami
388 1448 518 1484 sedem,
543 1450 743 1487 expugnata,
769 1456 808 1476 eo
836 1455 936 1486 usque
954 1454 1066 1476 eorum
1090 1443 1236 1484 potentia
1257 1443 1392 1473 increvit
1417 1447 1452 1472 ut
1473 1441 1698 1472 al·Afdhalum
1725 1442 1873 1473 Rasouli-

196 1508 272 1537 dam
297 1515 383 1537 anno
405 1504 468 1537 766
499 1501 704 1544 (1364—5)
731 1501 989 1543 oppugnaverint
1014 1499 1175 1536 Zeidssae,
1201 1509 1296 1541 opem
1319 1498 1455 1529 ferentes
1477 1496 1546 1539 ejus
1570 1496 1659 1527 fratri
1681 1496 1879 1528 al-Modhaf-

200 1564 271 1593 faro
299 1563 449 1592 adversus
476 1570 548 1590 eum
571 1559 750 1591 rebellanti.
803 1558 936 1589 Decimo
963 1561 1070 1588 autem
1094 1566 1178 1587 anno
1200 1560 1275 1597 post
1300 1565 1371 1586 eam
1393 1555 1631 1595 expeditionem
1655 1562 1766 1583 eorum
1793 1552 1877 1584 Ima-

198 1629 268 1649 mus
291 1617 528 1648 Salaheddinus
557 1613 795 1645 Mohammedes
830 1613 854 1645 f.
876 1614 938 1643 Alii
970 1613 993 1643 f.
1017 1612 1248 1643 Mohammedis
1276 1622 1350 1642 cum
1378 1612 1520 1641 exercitu
1552 1611 1585 1641 in
1611 1608 1784 1639 Tehamam
1821 1610 1879 1640 de.

202 1674 328 1706 scendit
350 1677 381 1704 et
408 1671 520 1702 urbem
544 1669 720 1706 Zebidum‚
754 1669 823 1709 ejus
853 1673 952 1709 caput
978 1673 1009 1699 et
1034 1668 1142 1698 sedem
1168 1667 1308 1708 regiam,
1343 1666 1544 1707 aliquamdiu
1571 1664 1713 1696 obsedit:
1738 1674 1804 1696 non
1831 1670 1879 1696 ta-

202 1742 275 1762 men
297 1741 367 1760 eam
392 1725 663 1769 occupavit‚.sed
687 1725 770 1755 intra
803 1730 927 1755 montes
960 1728 1005 1754 est
1032 1723 1173 1763 repulsus
1199 1732 1217 1752 a
1248 1722 1373 1752 Sultani
1396 1722 1519 1752 auxiliis
1546 1721 1580 1752 in
1603 1725 1747 1762 tempore
1778 1721 1876 1753 adve-

202 1788 374 1819 nientibus.
419 1784 520 1825 Hujus
540 1783 643 1819 filius,
669 1781 808 1812 Imamus
830 1782 916 1812 Alius
938 1781 961 1810 f.
986 1778 1217 1810 Mohamrnedis
1239 1778 1351 1809 itidem
1377 1778 1532 1809 Zebidum
1554 1777 1721 1808 obsidione
1741 1777 1875 1813 clausit,

202 1847 358 1884 regnante
382 1839 586 1872 al-Aschraso
609 1848 695 1869 anno
716 1838 773 1869 791
804 1836 936 1878 (1389)
955 1859 963 1873 ‚
988 1836 1074 1866 unde
1093 1837 1118 1865 is
1142 1844 1243 1865 annus
1262 1845 1413 1876 magnam
1435 1834 1653 1866 celebritatem
1675 1834 1757 1864 inter
1785 1834 1877 1864 inco-

204 1901 251 1929 las
273 1898 385 1929 Zebidi
407 1898 534 1938 accepit
559 1905 724 1935 annusque
745 1894 856 1924 Imami
877 1894 982 1924 (lictus
1005 1897 1062 1924 est.
1107 1891 1234 1922 Abhinc
1255 1902 1329 1923 vero
1350 1892 1505 1932 paulatim
1524 1892 1557 1922 in
1579 1890 1716 1921 deterius
1738 1893 1878 1919 mutatus

207 1961 252 1985 est
278 1955 474 1985 Zeiditarum
496 1957 610 1987 status,
636 1960 738 1991 quum
759 1948 956 1978 Thalieridas
978 1947 1038 1977 sibi
1069 1946 1175 1977 hostes
1198 1945 1420 1977 infensissimos
1441 1946 1603 1981 fecissent.
1630 1944 1685 1985 qui
1717 1944 1879 1975 continuis

207 2012 360 2050 deinceps
389 2009 480 2041 bellis
504 2019 559 2039 eos
580 2006 773 2048 supprimere
803 2005 1002 2036 studuerunt.
1059 2001 1203 2032 Zeiditae
1227 2002 1364 2043 primum
1392 2001 1590 2032 Tliaheridas
1616 2004 1882 2040 oppugnaverunt

208 2078 293 2098 anno
315 2064 380 2098 820
403 2062 612 2105 (1417—8)
628 2085 635 2099 ,
661 2061 869 2102 regnantibus
892 2058 1000 2091 adhuc
1028 2057 1228 2095 Rasoulidis,
1254 2062 1285 2087 et
1308 2058 1444 2099 plurima
1476 2058 1512 2088 iis
1542 2056 1717 2087 intulerunt
1741 2053 1880 2091 damna,

207 2123 312 2153 donec
334 2121 411 2153 victi
436 2131 454 2150 a
482 2119 593 2150 Nasiro
618 2118 763 2149 Ahmede
789 2116 985 2153 Rasoulida‚
1011 2117 1066 2157 qui
1086 2115 1274 2146 Thaheridis
1297 2118 1517 2150 succurrerat,
1542 2113 1627 2143 intra
1649 2111 1786 2152 regionis
1806 2121 1882 2141 suae

210 2179 361 2209 terminos
382 2187 413 2207 se
435 2176 578 2217 recipere
607 2177 669 2206 sint
690 2174 810 2207 coacti.
854 2172 1029 2212 Postquam
1049 2182 1124 2204 vero
1146 2171 1327 2202 Rasoulidis
1346 2171 1379 2201 in
1403 2169 1537 2210 imperio
1561 2172 1778 2198 successerant
1799 2166 1881 2197 Tha-

212 2234 361 2269 hermae,
395 2233 542 2264 adversus
574 2242 628 2262 eos
658 2241 742 2262 anno
762 2230 826 2262 862
850 2228 1061 2270 (1457-8)
1094 2238 1277 2268 progressus
1306 2232 1350 2258 est
1376 2226 1513 2258 [mamus
1540 2224 1754 2259 Zeiditarum‚
1785 2228 1816 2253 et
1841 2232 1879 2253 eo

213 2289 345 2331 quidem
373 2299 457 2320 anno
480 2299 622 2330 pugnam
645 2288 837 2319 detrectavit
867 2286 1030 2326 utriusque
1056 2284 1214 2314 exercitus
1242 2284 1308 2315 dux
1340 2289 1370 2314 et
1400 2289 1470 2325 post
1502 2280 1699 2320 colloquium
1723 2279 1764 2309 de
1786 2278 1880 2309 rebus

214 2346 276 2377 suis
313 2344 492 2378 institutum
533 2345 625 2376 rediit
661 2343 799 2375 [mamus
839 2343 990 2376 Sanaam·
1053 2340 1208 2373 Redierat
1241 2343 1348 2371 autem
1385 2338 1524 2370 Imamus
1557 2340 1690 2379 propter
1724 2333 1881 2376 majorem

1824 2389 1883 2420 ho-
