2055 2865
758 176 1039 212 —73....

97 270 321 305 obedientiae
348 269 496 315 imperio
526 268 708 302 Sultanieo
735 269 978 314 praestandae.
1030 271 1230 308 Constituta
1258 280 1342 309 tunc
1370 283 1423 311 est
1452 279 1563 312 omnis
1590 292 1645 313 res
1667 280 1760 315 inter

90 331 409 366 Schamseddinum
440 336 475 363 et
503 331 683 363 Ilasanum
714 331 905 372 Pascham3
942 337 977 364 et
1007 331 1159 366 foederis
1188 336 1334 380 quidem
1362 340 1458 372 nulla
1498 347 1573 374 erat
1602 343 1754 381 mentio,

92 404 305 438 quamquam
330 404 371 425 eo
392 391 534 424 nomine
551 397 667 435 pater,
694 397 734 424 ut
756 391 871 423 socius
897 397 933 423 et
962 393 1137 436 aequalis,
1172 395 1329 430 Paschae
1359 400 1516 434 coluerat
1545 404 1753 437 amicitiam:

85 453 125 487 in
143 453 368 487 subditorum
386 464 571 486 numerum
593 453 685 485 filius
705 464 741 485 se
763 452 855 484 ultro
876 450 1043 493 dederat3
1070 464 1187 498 neque
1208 456 1235 488 is
1255 463 1330 489 erat
1350 459 1529 501 Ilasanus,
1555 465 1617 509 qui
1635 465 1755 499 istius-

84 515 181 548 modi
211 514 480 548 Schamseddini
505 513 693 546 stultitiam
720 513 922 556 corrigeret.
972 512 1184 559 Restipulati
1206 522 1324 550 tamen
1343 526 1444 557 sunt,
1469 524 1605 570 reliqua
1635 528 1752 560 omnia

85 575 255 621 deinceps
282 577 355 609 sore
383 577 420 608 in
450 575 575 608 eodem
602 579 711 612 statu,
737 586 808 619 quo
835 573 977 607 fuerant
996 574 1078 608 vivo
1107 576 1316 611 Izzeddino:
1350 564 1537 615 beimficia‘
1554 598 1697 632 quoque
1717 594 1753 622 et

85 634 279 679 stipendia,
305 646 397 679 quae
427 634 705 667 Schamseddino
736 634 915 679 quondam
944 642 1166 669 concesserat
1190 637 1344 677 Pascha,
1372 640 1423 673 illi
1454 641 1527 676 sore
1558 654 1751 690 perpetua:

82 699 267 740 practerea
288 694 523 728 Mohammedi
545 695 566 728 f.
591 694 860 728 Schamseddini
891 694 1108 738 stipendium
1131 697 1256 730 tribuit
1277 699 1500 734 Sultanieum
1521 709 1557 736 et
1584 705 1755 751 Sandjak-

83 753 164 799 begi
191 766 319 788 munus
348 761 401 788 est
426 755 617 800 pollicitus.
669 755 808 800 Quibus
826 753 1063 798 jurejurando
1095 757 1327 797 confirmatis,
1364 760 1613 796 Caueabanum
1642 766 1754 800 redie-

80 819 164 847 runt
180 814 308 860 legati,
335 828 457 849 secum
476 816 632 850 serentes
652 814 922 860 pretiosissimas
944 820 1079 855 vestes,
1106 829 1195 863 quas
1223 818 1354 851 iterum
1379 821 1657 859 Schamscddino
1685 826 1754 861 Ha-

83 886 189 909 nanus
209 876 304 909 dono
323 877 483 910 dederat.

134 935 339 970 Admodum
360 943 561 983 opportuno
581 943 738 982 tempore
757 937 847 970 haec
868 939 985 972 omnia
1003 947 1214 980 evenerant,
1241 952 1307 974 nec
1326 942 1522 988 quidquam
1543 946 1620 980 fieri
1638 950 1758 993 potuit

87 996 229 1030 Hasano
250 997 359 1042 magis
380 1004 560 1042 optatum,
588 1009 697 1042 quam
713 996 897 1029 Izzeddini
918 1000 1004 1032 socii
1024 1001 1242 1046 integerrimi
1261 1002 1427 1036 decessus
1456 1010 1491 1036 et
1513 1005 1761 1041 Schamseddi-

88 1058 127 1091 ni
155 1057 238 1090 belli
268 1057 487 1102 cupidissimi
514 1057 686 1102 principis
725 1056 935 1101 obsequium
972 1067 1216 1104 spontaneum.
1278 1062 1420 1095 Minime
1460 1064 1554 1096 enim
1578 1066 1762 1109 placuerat

86 1119 234 1152 Sultano
256 1117 381 1151 foedus
402 1129 482 1151 cum
500 1116 582 1150 Alio
600 1116 705 1161 Jahja
723 1116 870 1155 initum,
899 1118 1001 1162 cujus
1023 1119 1170 1164 imperio
1192 1122 1299 1154 etiam
1320 1134 1415 1155 nnnc
1438 1124 1540 1156 Tsola
1560 1130 1597 1157 et
1614 1126 1761 1159 circnm-

83 1180 209 1225 jacens
237 1177 333 1223 regio
365 1188 444 1210 eum
472 1176 712 1222 compluribus
750 1177 902 1211 castellis
929 1180 1096 1224 parebat:
1124 1183 1305 1216 exuendus
1326 1183 1382 1216 ille
1404 1190 1496 1222 crat,
1525 1196 1565 1216 ex
1592 1186 1759 1219 mandato

88 1240 246 1277 Sultani,
274 1237 368 1271 omni
387 1238 535 1283 imperio
556 1244 592 1271 et
611 1238 805 1284 dignitate,
831 1240 894 1284 qui
921 1242 1133 1275 acerrimum
1154 1255 1189 1275 se
1211 1244 1437 1277 continenter
1457 1245 1670 1289 praebuerat
1696 1247 1759 1280 im-

88 1301 179 1347 perii
206 1299 402 1334 Otsmanici
423 1300 683 1338 adversarium,
711 1306 747 1333 et
769 1300 806 1332 in
828 1301 930 1345 cujus
961 1302 1103 1336 castello
1133 1304 1256 1337 Tsolae
1287 1305 1403 1337 adhuc
1425 1304 1675 1339 inveniebatur
1701 1318 1760 1353 ap-

89 1368 234 1408 paratus
262 1360 411 1394 bellicus
440 1365 477 1393 et
504 1366 679 1394 tormenta
703 1361 848 1398 bellica,
874 1373 967 1406 quae
998 1362 1253 1397 Mothahherus
1279 1364 1300 1397 s.
1332 1365 1456 1397 Imami
1485 1364 1759 1400 Seharal'eddini

87 1423 267 1469 quondam
286 1421 478 1455 Sultanicis
499 1422 609 1466 copiis
627 1422 817 1466 eripuerat.
869 1421 964 1454 Illud
986 1434 1069 1455 vero
1085 1424 1291 1458 mandatum
1313 1425 1462 1464 Pascha,
1490 1426 1572 1460 vivo
1602 1427 1763 1461 Izzeddi-

89 1496 154 1521 no,
182 1483 327 1528 exsequi
347 1494 419 1514 non
437 1481 574 1525 potuit,
600 1481 667 1514 nisi
688 1482 791 1514 simul
811 1481 907 1514 hunc
935 1482 1202 1527 integerrimum
1232 1486 1445 1531 principem,
1477 1487 1544 1520 sibi
1562 1487 1682 1522 adhuc
1700 1488 1760 1522 de-

91 1544 306 1578 ditissimum
337 1542 489 1580 socium‚
520 1541 555 1573 in
579 1541 718 1575 hostem
748 1549 785 1576 et
811 1543 1052 1576 adversarium
1083 1553 1315 1584 commutaret
1351 1548 1418 1580 sibi
1447 1560 1583 1593 suoque
1613 1549 1761 1594 imperio

88 1605 366 1639 infensissimum
388 1608 423 1635 et
445 1602 490 1634 ob
508 1601 591 1634 belli
617 1603 801 1646 peritiam,
835 1603 1008 1647 insignem
1036 1604 1207 1638 virtutem
1234 1613 1270 1639 et
1299 1608 1549 1640 auctoritatem
1575 1609 1763 1643 maximam

89 1676 310 1711 summopere
323 1662 565 1696 metuendum.
616 1661 857 1696 Certissimum
876 1664 971 1697 enim
999 1670 1092 1703 crat,
1120 1665 1218 1698 illurn
1246 1678 1429 1712 nunquam
1450 1668 1622 1713 perfidam
1640 1669 1762 1703 foede-

87 1728 134 1761 ris
153 1738 233 1761 eum
251 1724 333 1758 Alio
346 1723 450 1767 Jahja
468 1721 548 1755 initi
567 1728 751 1767 rupturam
773 1725 1101 1769 comprobaturum,
1129 1731 1191 1757 aut
1213 1725 1248 1758 in
1269 1739 1310 1760 ca
1331 1729 1597 1773 acquieturum,
1618 1729 1680 1775 qui
1700 1742 1759 1775 pe-

87 1787 156 1820 rire
176 1784 359 1818 maluisset
374 1795 480 1830 quam
499 1783 648 1828 perdere
670 1783 786 1816 fidem.
815 1784 903 1817 Ideo
923 1785 1061 1818 Sultani
1080 1784 1285 1820 mandatum
1297 1787 1368 1821 huc
1379 1801 1491 1834 usque
1513 1790 1656 1824 omnino
1678 1793 1762 1825 reti-

90 1851 213 1880 cuerat
232 1844 369 1878 Pascha
383 1849 420 1877 et
440 1843 651 1890 obsequium
679 1846 886 1885 distulerat,
913 1859 1128 1892 quamquam
1158 1848 1353 1881 exereitum
1381 1849 1424 1882 ad
1451 1849 1518 1882 hoc
1539 1850 1760 1897 bellumjam

88 1913 192 1941 antea
212 1907 396 1951 inceperat
414 1917 553 1951 parare3
581 1917 676 1938 nunc
706 1918 808 1945 vero,
845 1908 1115 1940 Sehamseddiui
1140 1920 1257 1953 neque
1286 1910 1536 1943 auctoritatem
1566 1917 1602 1944 et
1632 1918 1762 1957 poten-

88 1969 174 2002 tiam
191 1974 372 2006 metuens,
398 1979 514 2013 neque
544 1966 834 2000 intercessionem
864 1975 1090 2013 exspectem,
1118 1968 1260 2002 sortiter
1288 1970 1320 2002 ei
1342 1970 1393 2003 rei
1424 1971 1558 2005 instare
1578 1974 1696 2018 eoepit
1718 1980 1757 2007 et

89 2029 178 2062 clam
197 2028 360 2061 omnibus
380 2028 417 2060 id
437 2027 569 2059 bellum
592 2026 686 2059 omni
713 2028 831 2061 studio
858 2031 1017 2074 paravit,
1055 2036 1096 2064 ut
1125 2030 1214 2064 adeo
1240 2030 1363 2064 Alium
1391 2031 1532 2077 Jahjam
1553 2045 1594 2066 ex
1623 2034 1757 2080 impro-

90 2090 165 2123 viso
187 2088 428 2133 adgrediendo
445 2099 516 2120 uno
536 2088 670 2132 impetu
693 2101 832 2123 omnem
850 2090 928 2134 ejus
949 2103 1023 2124 rem
1043 2092 1151 2125 exitio
1167 2091 1278 2125 daret.

137 2149 243 2183 Hunc
273 2148 311 2180 in
334 2147 442 2179 finem
468 2147 681 2180 Lothsallam
712 2148 733 2181 f.
765 2150 1010 2190 Mothahheri,
1046 2163 1153 2197 quem
1179 2151 1366 2198 hucusque
1397 2152 1479 2186 Alio
1509 2153 1636 2198 Jahjae
1671 2155 1758 2189 ami-

90 2210 270 2245 cissimum
291 2213 327 2241 et
342 2208 386 2241 ad
406 2207 539 2240 bellum
560 2207 728 2241 adversus
751 2221 788 2243 se
807 2212 999 2255 gerendum
1028 2211 1290 2256 paratissimum
1317 2217 1546 2256 cognoverat,
1567 2225 1592 2246 e
1610 2215 1756 2249 castello

89 2270 245 2305 Cahlano
269 2268 484 2307 al-Scharaf‚
518 2268 614 2314 quod
640 2269 844 2311 habitabat,
871 2272 1055 2306 arcessivit
1083 2273 1127 2305 ad
1156 2284 1192 2305 se
1218 2273 1392 2305 Sanaam:
1426 2284 1569 2317 sperans
1599 2275 1691 2315 fore,
1717 2282 1761 2311 ut

89 2332 187 2367 hune
203 2330 433 2366 fortissimum
453 2335 490 2364 et
507 2329 592 2364 belli
612 2330 865 2378 peritissimum
884 2334 1084 2380 principem
1109 2332 1296 2367 benefieiis
1325 2338 1362 2366 et
1391 2332 1525 2369 honore
1545 2334 1613 2370 sihi
1632 2336 1758 2372 devin-

1085 2393 1116 2429 K
1708 2409 1758 2430 ci-
