2055 2865
875 167 1182 204 —178—

189 289 284 312 nem:
309 272 461 307 vertenda
492 271 576 303 enim
602 269 683 301 haec
713 271 802 300 sunt:
836 267 873 298 Et
895 268 988 302 vertit
1011 278 1043 299 se
1070 268 1215 300 Hasanus
1235 267 1279 300 ad
1301 266 1555 300 Mohammedem
1578 274 1609 301 et
1633 269 1764 313 (misit)
1789 280 1865 303 cum

191 360 229 380 eo
253 345 379 378 turbam
410 347 474 376 cet.
527 342 566 373 In
599 341 707 372 animo
733 340 830 382 igitur
861 342 1025 381 repetatur
1049 343 1123 370 ante
1155 350 1227 381 aaa>
1259 337 1390 370 verbum
1413 328 1513 381 ᾧ),
1534 344 1567 371 et
1594 342 1687 372 mz'sz't
1716 340 1813 372 illum
1835 345 1868 372 et

195 404 298 437 simul
320 405 377 435 rel.
401 419 443 427 -
465 401 503 432 ln
523 411 598 443 pag.
627 398 687 432 175
712 409 755 431 vs-
782 398 822 429 13
843 397 933 430 verbi
966 399 1039 446 2:35
1060 409 1147 440 spec.
1171 398 1251 432 VIII
1272 399 1434 435 occurrit,
1461 398 1554 440 cujus
1575 398 1770 440 significatio
1794 399 1871 431 vul·

194 471 268 507 gata
282 488 290 501 ‚
315 471 465 505 quaeque
488 461 522 492 in
541 460 661 491 Lexicis
683 459 860 495 invenitur,
885 457 926 489 ab
943 457 1006 490 hoc
1022 459 1096 490 loco
1111 459 1301 491 alienissima
1324 465 1381 491 est.
1415 459 1502 490 Solet
1520 459 1604 490 enim
1621 459 1769 501 usurpari
1783 469 1872 491 sensu

196 521 365 558 curandi,
393 517 621 559 respiciendi.-
647 526 746 558 quam
767 515 823 557 qui
847 514 911 546 huc
933 515 1060 546 afferret
1084 516 1273 555 notionem,
1297 515 1502 546 absurditatis
1521 515 1628 546 labem
1649 515 1682 547 in
1709 519 1875 546 auctorem

196 577 398 612 transferret,
424 574 516 616 cujus
539 573 620 604 haec
639 578 717 604 esset
727 571 891 603 narratio:
918 571 1075 602 Pascham
1088 581 1208 603 novum
1229 571 1350 602 hostem
1363 582 1428 603 non
1442 572 1735 612 curavisse,neque
1749 570 1792 601 ad
1803 580 1877 602 eum

198 634 389 676 respexisse,
404 631 458 662 sed
481 636 588 662 tamen
609 630 723 660 milites
736 629 872 664 misisse,
895 626 952 667 qui
965 627 1036 657 eise
1049 632 1260 668 opponerent.
1284 628 1391 659 Potius
1406 629 1523 670 speciei
1537 632 1672 659 octavae
1684 626 1879 669 significatio

202 703 220 723 a
246 701 334 733 spec.
357 690 371 720 1
395 686 569 729 repetenda
594 685 737 722 videtur;
762 693 928 725 quumque
951 681 1027 731 Cass
1047 682 1207 724 significet
1224 685 1357 724 pressit
1380 685 1522 726 aliquem
1542 689 1573 716 et
1596 684 1723 726 afflixit
1749 691 1876 712 moeror

202 754 258 781 aut
281 746 438 779 molesrz'ci
465 744 614 785 adfecit,
648 753 733 784 spec.
757 742 810 774 8Va
833 742 936 791 &5255
964 742 1156 774 denotabit:
1194 743 1365 772 moestitia
1381 765 1389 779 ,
1426 744 1602 773 anxietate
1646 740 1878 771 sollicitudine

201 807 361 849 adfectus
385 807 446 834 est.
494 802 617 833 Eodem
639 812 731 832 sensu
758 807 843 844 part.
867 800 974 848 cuj-<n
998 802 1139 833 occurrit
1168 801 1202 831 in
1228 799 1301 832 Vit.
1330 800 1418 831 Tim..
1443 800 1495 833 112
1518 799 1603 832 244:
1626 801 1659 831 5.
1683 819 1720 826 —
1743 801 1781 830 In
1804 810 1880 842 pag.

203 868 262 900 175
287 877 327 898 vs.
351 864 394 896 20
417 872 509 899 cave,
540 872 579 892 ne
603 871 721 892 nomen
742 862 906 903 proprium
931 861 1017 910 ,Azali
1042 861 1186 902 accipias
1208 868 1266 901 pro
1288 859 1357 898 ipsa
1377 858 1481 900 Syria.
1529 857 1635 888 Nimia
1664 859 1749 889 enim
1773 859 1880 889 fuisset

200 929 298 969 fuga,
327 926 351 956 si
380 934 445 954 uno
474 932 568 953 cursu
598 932 615 952 e
643 922 737 952 clade
769 920 800 951 in
833 921 958 962 Syriam
994 920 1220 964 pervenissent.
1278 917 1347 948 Hoc
1376 923 1482 948 autem
1510 918 1639 948 nomine
1670 921 1791 948 tractus
1823 917 1884 950 sive

202 985 292 1025 regio
315 983 347 1013 in
374 979 625 1021 Septentrionali
646 978 799 1008 Jemanae
823 982 914 1018 parte
945 978 1035 1009 innui
1058 977 1185 1008 videtur
1209 976 1240 1003 et
1267 982 1337 1003 eam
1361 973 1404 1004 ob
1433 984 1564 1005 causam
1592 974 1625 1004 in
1656 978 1745 1004 textu
1769 973 1883 1004 Latino

205 1039 379 1071 Schamum
408 1035 607 1067 retinuimus,
662 1034 707 1064 De
734 1043 772 1064 eo
800 1038 912 1074 agetur
944 1033 976 1064 in
1008 1033 1121 1064 Indice
1152 1028 1391 1070 Geographico.
1421 1049 1464 1056 —
1494 1029 1701 1066 Vocabulum
1723 1031 1824 1078 εἶργε·
1854 1029 1888 1061 in

204 1120 281 1153 pag.
309 1107 370 1139 175
393 1116 436 1142 vs,
459 1105 503 1135 22
535 1114 602 1135 non
625 1104 726 1145 magis
756 1114 855 1145 quam
878 1094 950 1151 (5:³5
972 1107 1028 1134 aut
1051 1100 1185 1142 aliquod
1212 1099 1391 1130 derivatum
1422 1100 1464 1131 ab
1494 1101 1558 1133 hac
1581 1112 1669 1143 spec.
1693 1099 1888 1132 vocabulum

203 1173 236 1201 in
270 1170 367 1199 Lexx.
401 1169 607 1196 memoratur.
663 1164 708 1194 Ex
741 1164 843 1204 prima
878 1168 986 1193 tamen
1016 1172 1063 1202 sp.
1098 1159 1186 1190 facili
1215 1160 1346 1199 negotio
1382 1159 1450 1200 ejus
1482 1161 1677 1202 significatio
1709 1160 1885 1201 repetitur,

203 1233 344 1265 cumque
368 1221 423 1251 illa
445 1219 624 1259 significet:
650 1219 792 1249 submisit
816 1229 847 1249 se
875 1220 923 1250 vel
945 1223 975 1247 et
997 1215 1165 1246 submissus
1193 1214 1274 1252 fuit;
1304 1214 1385 1246 haec
1401 1217 1560 1256 graviter
1584 1221 1617 1246 et
1635 1227 1704 1257 per
1719 1218 1786 1246 vim
1811 1216 1888 1246 sub-

206 1284 332 1313 missus
367 1280 438 1312 est,
476 1274 656 1306 denotabit.
713 1274 846 1315 Egregie
877 1278 986 1304 autem
1021 1271 1102 1302 haec
1134 1270 1224 1300 notio
1256 1274 1365 1301 nostro
1398 1271 1471 1301 loco
1504 1271 1654 1302 convenit
1683 1271 1756 1302 voci
1788 1271 1890 1318 03>ss

212 1339 474 1372 submissionem
499 1346 567 1377 per
598 1337 665 1366 vz'm
694 1335 742 1366 vel
775 1334 1030 1375 oppressionem
1058 1328 1265 1370 significanti.
1320 1328 1355 1358 In
1385 1339 1461 1369 pag.
1489 1329 1551 1360 176
1582 1339 1625 1360 vS.
1648 1329 1670 1360 6
1693 1329 1788 1361 verba
1823 1331 1891 1379 Lib>

208 1400 272 1441 &335
302 1396 428 1443 ,spodi
454 1396 499 1426 sic
526 1394 679 1426 vertenda
705 1397 796 1423 sunt:
832 1392 869 1422 Et
893 1391 1016 1433 placuit
1045 1390 1106 1420 illis
1137 1387 1285 1420 transitus
1314 1387 1356 1417 ad
1385 1393 1489 1428 partes
1510 1388 1634 1419 Sultani
1656 1394 1687 1419 et
1713 1389 1791 1429 (visa
1815 1391 1888 1431 ipsis

207 1461 288 1502 fuit)
314 1458 437 1491 deditio
468 1455 590 1486 castelli
616 1465 666 1485 res
693 1453 830 1484 maxime
855 1451 1048 1483 conveniens
1068 1450 1141 1492 ipsis
1165 1453 1196 1479 et
1219 1447 1340 1488 optima
1369 1451 1399 1477 et
1424 1446 1663 1489 (putaverunt)
1690 1458 1755 1478 sese
1779 1459 1891 1489 repor-

210 1523 333 1549 taturos
356 1525 413 1557 per
433 1512 602 1543 transitum
622 1512 654 1542 in
683 1509 873 1550 obsequium
897 1508 1022 1540 Sultani
1046 1524 1084 1532 —
1101 1522 1142 1532 —
1165 1505 1292 1536 favente
1318 1503 1463 1541 Pascha,
1489 1503 1647 1535 beneficia
1669 1508 1700 1535 et
1723 1504 1890 1537 honorem.

212 1573 343 1614 Triplici
373 1572 470 1612 igitur
492 1577 584 1598 sensu
619 1566 750 1597 verbum
773 1566 834 1613 ὁὶ)
856 1564 951 1595 semel
979 1564 1152 1604 scriptum,
1177 1561 1291 1590 iterum
1315 1561 1496 1601 iterumque
1518 1559 1717 1599 cogitatione
1741 1562 1890 1601 supplen-

214 1635 315 1668 dum,
331 1629 520 1662 adhibetur,
548 1627 641 1667 cujus
662 1626 804 1656 incuriae
828 1634 922 1664 supra
944 1623 1043 1654 simile
1059 1622 1194 1653 vidimus
1219 1621 1412 1661 exemplum.
1440 1636 1479 1643 -
1503 1618 1626 1660 Speciei
1646 1622 1781 1657 quartae
1806 1620 1892 1651 verbi

216 1695 290 1740 ἂρ,
316 1695 399 1727 quae
417 1684 449 1713 in
470 1692 544 1723 pag.
572 1681 632 1713 176
655 1691 686 1711 ts
715 1681 754 1710 12
776 1681 951 1715 invenitur,
970 1678 1163 1719 significatio
1185 1677 1259 1707 huic
1286 1678 1360 1708 loco
1381 1680 1458 1717 apta
1472 1676 1504 1706 in
1529 1675 1623 1705 chx.
1645 1683 1710 1704 non
1732 1676 1890 1707 tribuitur.

215 1749 323 1781 Facile
355 1750 463 1775 tamen
488 1752 525 1772 ea
550 1741 712 1771 derivatur
741 1750 759 1770 a
788 1748 833 1779 sp.
856 1738 888 1773 I,
915 1747 933 1766 a
961 1735 1052 1776 cujus
1083 1739 1242 1777 potestate
1268 1735 1463 1775 originaria,
1492 1744 1634 1764 vacuum
1659 1744 1754 1772 esse,
1777 1746 1824 1777 sp.
1848 1737 1892 1768 IV

218 1805 332 1848 repetit
361 1802 525 1833 notionem
552 1796 627 1827 huic
656 1797 730 1826 loco
757 1794 998 1826 convenientem
1031 1802 1174 1821 vacuum
1192 1790 1315 1831 facere
1339 1796 1368 1821 et
1404 1799 1486 1831 pass.
1511 1789 1604 1819 form.
1639 1792 1892 1832 vacuumfieri.

219 1864 256 1893 In
278 1871 355 1903 pag.
378 1857 519 1896 denique
545 1853 606 1885 176
637 1863 680 1884 vs,
706 1851 744 1881 12
767 1850 862 1881 verba
896 1846 1021 1899 Γΐνὸδὶῒ,
1045 1848 1157 1897 &stul-3
1186 1847 1274 1878 Quill
1302 1861 1352 1895 0²
1380 1847 1488 1891 {lt->55
1520 1845 1673 1876 vertenda
1697 1852 1788 1878 sunt:
1824 1850 1895 1879 exg-

221 1924 343 1952 verzmt
367 1929 383 1949 e
408 1914 550 1947 castello
579 1923 653 1943 cum
685 1909 848 1941 uxoribus
873 1914 904 1939 et
927 1908 1055 1940 liberis,
1112 1908 1199 1938 Licet
1227 1908 1310 1937 enim
1332 1908 1364 1937 in
1388 1906 1495 1936 lexicis
1520 1916 1557 1935 ea
1582 1905 1669 1936 vocis
1691 1906 1748 1944 duel
1774 1906 1895 1946 signifi-

227 1981 312 2012 catio
336 1977 553 2010 desideretur,
579 1983 616 2002 ex
638 1982 702 2012 qua
729 1981 865 2000 uxorem
890 1973 1014 1999 tantum
1039 1968 1196 2005 denotat,
1221 1967 1286 1997 sine
1316 1965 1416 1995 dubio
1436 1968 1542 1993 tamen
1566 1963 1648 1994 haec
1671 1964 1699 1993 ei
1727 1964 1897 1994 tribuenda

227 2042 282 2069 est.
328 2036 424 2066 Plura
447 2032 516 2074 ejus
543 2029 687 2069 exempla
711 2031 882 2057 occurrent
903 2025 986 2056 infra
998 2025 1030 2055 in
1051 2035 1126 2066 pag.
1154 2024 1209 2055 181
1244 2033 1289 2054 vs.
1314 2022 1352 2057 2,
1380 2022 1412 2050 in
1435 2030 1510 2061 pag.
1538 2019 1597 2050 183
1620 2030 1662 2050 vs.
1688 2020 1726 2052 17
1751 2024 1782 2050 et
1803 2020 1899 2051 alibi:

230 2097 461 2135 praetereaque
490 2085 646 2118 invenitur
668 2084 701 2114 id
728 2082 923 2114 vocabulum
950 2081 1012 2112 hoe
1036 2091 1126 2112 sensu
1152 2081 1184 2110 in
1217 2079 1405 2110 Sententiis
1429 2076 1586 2108 Arabicas
1618 2076 1681 2106 Alii
1700 2077 1899 2117 aliorumque

232 2151 423 2190 scriptorum
451 2143 527 2174 edit.
555 2154 573 2173 a
602 2140 799 2176 Fleischero,
836 2140 869 2169 in
888 2143 966 2170 sent.
992 2138 1048 2169 161
1075 2137 1132 2168 sub
1155 2136 1284 2168 nomine
1321 2135 1590 2175 margaritarum
1613 2134 1815 2174 sparsurum
1837 2132 1898 2163 Alii

235 2204 394 2235 sententiis
417 2200 560 2241 adjecta.

273 2260 362 2300 Pag.
387 2257 439 2289 74.
486 2254 601 2285 Hasani
630 2251 773 2283 Paschae
795 2261 869 2292 erga
893 2250 998 2281 Alium
1024 2249 1149 2291 Jahjam
1177 2247 1293 2290 agendi
1325 2246 1407 2277 ratio
1430 2245 1553 2286 perfida
1577 2245 1773 2288 perjuriique
1807 2246 1900 2287 plena

230 2316 332 2358 prima
353 2314 456 2354 specie
480 2321 605 2353 prorsus
629 2309 770 2339 dissentit
793 2319 809 2339 a
830 2308 954 2349 reliqua
979 2306 1048 2348 ejus
1074 2307 1136 2338 vita
1159 2304 1366 2346 integerrima
1395 2308 1427 2335 et
1448 2304 1551 2335 aliena
1571 2303 1697 2335 videtur
1720 2302 1760 2332 ab
1787 2300 1900 2330 eximia

1839 2365 1906 2396 ejus
