<?xml version="1.0" encoding="UTF-8"?>
<!DOCTYPE html PUBLIC "-//W3C//DTD XHTML 1.0 Transitional//EN"
    "http://www.w3.org/TR/xhtml1/DTD/xhtml1-transitional.dtd">
<html xmlns="http://www.w3.org/1999/xhtml" xml:lang="en" lang="en">
 <head>
  <title>
</title>
<meta http-equiv="Content-Type" content="text/html;charset=utf-8" />
  <meta name='ocr-system' content='tesseract 3.04.00' />
  <meta name='ocr-capabilities' content='ocr_page ocr_carea ocr_par ocr_line ocrx_word'/>
</head>
<body>
  <div class='ocr_page' id='page_1' title='image "./historiajemanaes00ruamuoft/historiajemanaes00ruamuoft_0013.png"; bbox 0 0 2055 2865; ppageno 0'>
   <div class='ocr_carea' id='block_1_1' title="bbox 810 193 1083 217">
    <p class='ocr_par' dir='ltr' id='par_1_1' title="bbox 810 193 1083 217">
     <span class='ocr_line' id='line_1_1' title="bbox 810 193 1083 217; baseline -0.007 -6"><span class='ocrx_word' id='word_1_1' title='bbox 810 193 1083 217; x_wconf 72' lang='grc' dir='ltr'>...Π-</span> 
     </span>
    </p>
   </div>
   <div class='ocr_carea' id='block_1_2' title="bbox 104 305 1794 2340">
    <p class='ocr_par' dir='ltr' id='par_1_2' title="bbox 107 305 1793 796">
     <span class='ocr_line' id='line_1_2' title="bbox 108 305 1787 360; baseline -0.001 -15"><span class='ocrx_word' id='word_1_2' title='bbox 108 310 257 346; x_wconf 74' lang='lat' dir='ltr'><strong>venerit.</strong></span> <span class='ocrx_word' id='word_1_3' title='bbox 306 308 453 342; x_wconf 87' lang='lat' dir='ltr'><strong>Prae-ter</strong></span> <span class='ocrx_word' id='word_1_4' title='bbox 478 309 637 339; x_wconf 85' lang='lat' dir='ltr'><strong>nostrum</strong></span> <span class='ocrx_word' id='word_1_5' title='bbox 663 305 772 339; x_wconf 86' lang='lat' dir='ltr'><strong>alium</strong></span> <span class='ocrx_word' id='word_1_6' title='bbox 794 317 938 351; x_wconf 82' lang='lat' dir='ltr'><strong>quoque</strong></span> <span class='ocrx_word' id='word_1_7' title='bbox 967 306 1096 340; x_wconf 88' lang='lat' dir='ltr'><strong>librum</strong></span> <span class='ocrx_word' id='word_1_8' title='bbox 1123 306 1281 352; x_wconf 84' lang='lat' dir='ltr'><strong>scripsit,</strong></span> <span class='ocrx_word' id='word_1_9' title='bbox 1310 308 1369 342; x_wconf 89' lang='lat' dir='ltr'><strong>eui</strong></span> <span class='ocrx_word' id='word_1_10' title='bbox 1395 308 1538 349; x_wconf 84' lang='lat' dir='ltr'><strong>titulus,</strong></span> <span class='ocrx_word' id='word_1_11' title='bbox 1556 309 1660 357; x_wconf 57' lang='lat' dir='ltr'><strong>sawt</strong></span> <span class='ocrx_word' id='word_1_12' title='bbox 1692 313 1787 360; x_wconf 48' lang='lat' dir='ltr'><strong>0⁴²2·ss</strong></span> 
     </span>
     <span class='ocr_line' id='line_1_3' title="bbox 109 378 1793 433; baseline 0.004 -18"><span class='ocrx_word' id='word_1_13' title='bbox 109 383 210 433; x_wconf 52' lang='grc' dir='ltr'><strong>(3.9,ώὶ</strong></span> <span class='ocrx_word' id='word_1_14' title='bbox 231 397 284 432; x_wconf 65' lang='lat'><strong>&gt;²²</strong></span> <span class='ocrx_word' id='word_1_15' title='bbox 307 381 396 429; x_wconf 36' lang='lat'><strong>,4255</strong></span> <span class='ocrx_word' id='word_1_16' title='bbox 417 380 513 429; x_wconf 57' lang='lat' dir='ltr'><strong>)¹—e&gt;5</strong></span> <span class='ocrx_word' id='word_1_17' title='bbox 542 384 618 429; x_wconf 47' lang='grc' dir='ltr'><strong>σὲ,</strong></span> <span class='ocrx_word' id='word_1_18' title='bbox 644 379 681 413; x_wconf 88' lang='lat' dir='ltr'><strong>id</strong></span> <span class='ocrx_word' id='word_1_19' title='bbox 708 385 780 417; x_wconf 83' lang='lat' dir='ltr'><strong>est,</strong></span> <span class='ocrx_word' id='word_1_20' title='bbox 815 378 934 412; x_wconf 67' lang='lat' dir='ltr'><strong>Horti</strong></span> <span class='ocrx_word' id='word_1_21' title='bbox 953 380 1101 423; x_wconf 67' lang='lat' dir='ltr'><strong>floridi,</strong></span> <span class='ocrx_word' id='word_1_22' title='bbox 1128 381 1202 414; x_wconf 81' lang='lat' dir='ltr'><strong>sive</strong></span> <span class='ocrx_word' id='word_1_23' title='bbox 1232 381 1388 417; x_wconf 72' lang='lat' dir='ltr'><strong>l1.islorz·a</strong></span> <span class='ocrx_word' id='word_1_24' title='bbox 1414 383 1627 424; x_wconf 69' lang='lat' dir='ltr'><strong>Izzeclclc&#39;ni,</strong></span> <span class='ocrx_word' id='word_1_25' title='bbox 1654 386 1692 420; x_wconf 91' lang='lat' dir='ltr'><strong>in</strong></span> <span class='ocrx_word' id='word_1_26' title='bbox 1721 399 1793 432; x_wconf 84' lang='lat' dir='ltr'><strong>quo</strong></span> 
     </span>
     <span class='ocr_line' id='line_1_4' title="bbox 108 452 1792 504; baseline 0.001 -11"><span class='ocrx_word' id='word_1_27' title='bbox 108 459 183 493; x_wconf 81' lang='lat' dir='ltr'><strong>sata</strong></span> <span class='ocrx_word' id='word_1_28' title='bbox 208 464 245 492; x_wconf 91' lang='lat' dir='ltr'><strong>et</strong></span> <span class='ocrx_word' id='word_1_29' title='bbox 267 468 322 491; x_wconf 85' lang='lat' dir='ltr'><strong>res</strong></span> <span class='ocrx_word' id='word_1_30' title='bbox 352 461 467 500; x_wconf 85' lang='lat' dir='ltr'><strong>gestas</strong></span> <span class='ocrx_word' id='word_1_31' title='bbox 494 454 603 498; x_wconf 87' lang='lat' dir='ltr'><strong>hujus</strong></span> <span class='ocrx_word' id='word_1_32' title='bbox 626 452 797 498; x_wconf 88' lang='lat' dir='ltr'><strong>principis</strong></span> <span class='ocrx_word' id='word_1_33' title='bbox 823 452 1125 491; x_wconf 82' lang='lat' dir='ltr'><strong>Caucabanensis,</strong></span> <span class='ocrx_word' id='word_1_34' title='bbox 1153 453 1313 498; x_wconf 81' lang='lat' dir='ltr'>inprimis</span> <span class='ocrx_word' id='word_1_35' title='bbox 1337 469 1414 496; x_wconf 83' lang='lat' dir='ltr'><strong>eas,</strong></span> <span class='ocrx_word' id='word_1_36' title='bbox 1440 471 1532 504; x_wconf 83' lang='lat' dir='ltr'><strong>quae</strong></span> <span class='ocrx_word' id='word_1_37' title='bbox 1560 467 1641 494; x_wconf 88' lang='lat' dir='ltr'><strong>ante</strong></span> <span class='ocrx_word' id='word_1_38' title='bbox 1661 462 1792 495; x_wconf 85' lang='lat' dir='ltr'><strong>Hasani</strong></span> 
     </span>
     <span class='ocr_line' id='line_1_5' title="bbox 108 526 1792 573; baseline -0.001 -7"><span class='ocrx_word' id='word_1_39' title='bbox 108 531 303 566; x_wconf 79' lang='lat' dir='ltr'><strong>adventum</strong></span> <span class='ocrx_word' id='word_1_40' title='bbox 336 527 558 565; x_wconf 85' lang='lat' dir='ltr'><strong>acciderant,</strong></span> <span class='ocrx_word' id='word_1_41' title='bbox 594 526 764 571; x_wconf 84' lang='lat' dir='ltr'><strong>prolixius</strong></span> <span class='ocrx_word' id='word_1_42' title='bbox 801 527 998 570; x_wconf 83' lang='lat' dir='ltr'><strong>enarravit3</strong></span> <span class='ocrx_word' id='word_1_43' title='bbox 1035 527 1169 573; x_wconf 87' lang='lat' dir='ltr'><strong>quique</strong></span> <span class='ocrx_word' id='word_1_44' title='bbox 1203 527 1294 562; x_wconf 88' lang='lat' dir='ltr'><strong>liber</strong></span> <span class='ocrx_word' id='word_1_45' title='bbox 1329 528 1495 563; x_wconf 85' lang='lat' dir='ltr'><strong>laudatur</strong></span> <span class='ocrx_word' id='word_1_46' title='bbox 1523 533 1560 565; x_wconf 88' lang='lat' dir='ltr'><strong>in</strong></span> <span class='ocrx_word' id='word_1_47' title='bbox 1595 534 1734 568; x_wconf 85' lang='lat' dir='ltr'><strong>Codicis</strong></span> <span class='ocrx_word' id='word_1_48' title='bbox 1758 546 1792 567; x_wconf 56' lang='lat' dir='ltr'><strong>n„</strong></span> 
     </span>
     <span class='ocr_line' id='line_1_6' title="bbox 107 599 1791 653; baseline 0.001 -16"><span class='ocrx_word' id='word_1_49' title='bbox 107 617 183 650; x_wconf 80' lang='lat' dir='ltr'><strong>pag.</strong></span> <span class='ocrx_word' id='word_1_50' title='bbox 205 603 257 637; x_wconf 89' lang='lat'><strong>13.</strong></span> <span class='ocrx_word' id='word_1_51' title='bbox 316 600 418 634; x_wconf 87' lang='lat' dir='ltr'><strong>Idem</strong></span> <span class='ocrx_word' id='word_1_52' title='bbox 445 599 536 633; x_wconf 83' lang='lat' dir='ltr'><strong>liber</strong></span> <span class='ocrx_word' id='word_1_53' title='bbox 565 599 672 634; x_wconf 26' lang='lat' dir='ltr'><strong>citari*</strong></span> <span class='ocrx_word' id='word_1_54' title='bbox 698 600 842 634; x_wconf 80' lang='lat' dir='ltr'><strong>videtur</strong></span> <span class='ocrx_word' id='word_1_55' title='bbox 872 601 910 634; x_wconf 88' lang='lat' dir='ltr'><strong>in</strong></span> <span class='ocrx_word' id='word_1_56' title='bbox 943 601 1019 634; x_wconf 90' lang='lat' dir='ltr'><strong>cod.</strong></span> <span class='ocrx_word' id='word_1_57' title='bbox 1055 613 1132 646; x_wconf 85' lang='lat' dir='ltr'><strong>pag.</strong></span> <span class='ocrx_word' id='word_1_58' title='bbox 1159 601 1244 636; x_wconf 85' lang='lat'>153:</span> <span class='ocrx_word' id='word_1_59' title='bbox 1280 602 1318 635; x_wconf 87' lang='lat' dir='ltr'><strong>in</strong></span> <span class='ocrx_word' id='word_1_60' title='bbox 1351 614 1422 647; x_wconf 87' lang='lat' dir='ltr'><strong>qua</strong></span> <span class='ocrx_word' id='word_1_61' title='bbox 1452 608 1571 637; x_wconf 86' lang='lat' dir='ltr'><strong>tamen</strong></span> <span class='ocrx_word' id='word_1_62' title='bbox 1596 617 1658 650; x_wconf 82' lang='lat' dir='ltr'><strong>pro</strong></span> <span class='ocrx_word' id='word_1_63' title='bbox 1685 606 1791 653; x_wconf 48' lang='lat'><strong>&amp;³7³5</strong></span> 
     </span>
     <span class='ocr_line' id='line_1_7' title="bbox 107 672 1793 727; baseline 0.004 -19"><span class='ocrx_word' id='word_1_64' title='bbox 107 675 205 727; x_wconf 46' lang='lat' dir='ltr'><strong>few</strong></span> <span class='ocrx_word' id='word_1_65' title='bbox 233 675 400 710; x_wconf 84' lang='lat' dir='ltr'><strong>scribitur</strong></span> <span class='ocrx_word' id='word_1_66' title='bbox 414 672 512 721; x_wconf 50' lang='lat' dir='ltr'><strong>fiam}</strong></span> <span class='ocrx_word' id='word_1_67' title='bbox 539 674 646 721; x_wconf 35' lang='lat' dir='ltr'><strong>0²³2,ss</strong></span> <span class='ocrx_word' id='word_1_68' title='bbox 696 674 831 709; x_wconf 89' lang='lat' dir='ltr'><strong>Eadem</strong></span> <span class='ocrx_word' id='word_1_69' title='bbox 855 675 964 720; x_wconf 86' lang='lat' dir='ltr'><strong>igitur</strong></span> <span class='ocrx_word' id='word_1_70' title='bbox 992 675 1052 709; x_wconf 87' lang='lat' dir='ltr'><strong>hie</strong></span> <span class='ocrx_word' id='word_1_71' title='bbox 1072 675 1255 709; x_wconf 87' lang='lat' dir='ltr'><strong>literarum</strong></span> <span class='ocrx_word' id='word_1_72' title='bbox 1281 689 1325 716; x_wconf 59' lang='grc' dir='ltr'><strong>σε</strong></span> <span class='ocrx_word' id='word_1_73' title='bbox 1352 682 1388 710; x_wconf 89' lang='lat' dir='ltr'><strong>et</strong></span> <span class='ocrx_word' id='word_1_74' title='bbox 1412 675 1436 707; x_wconf 63' lang='lat' dir='ltr'>b</span> <span class='ocrx_word' id='word_1_75' title='bbox 1461 680 1678 722; x_wconf 81' lang='lat' dir='ltr'><strong>permutatio</strong></span> <span class='ocrx_word' id='word_1_76' title='bbox 1704 680 1793 714; x_wconf 80' lang='lat' dir='ltr'><strong>obti-</strong></span> 
     </span>
     <span class='ocr_line' id='line_1_8' title="bbox 108 749 1488 796; baseline 0 -11"><span class='ocrx_word' id='word_1_77' title='bbox 108 757 188 790; x_wconf 87' lang='lat' dir='ltr'><strong>net,</strong></span> <span class='ocrx_word' id='word_1_78' title='bbox 216 762 257 784; x_wconf 79' lang='lat' dir='ltr'><strong>ex</strong></span> <span class='ocrx_word' id='word_1_79' title='bbox 288 749 424 795; x_wconf 84' lang='lat' dir='ltr'><strong>vulgari</strong></span> <span class='ocrx_word' id='word_1_80' title='bbox 453 760 618 784; x_wconf 75' lang='lat' dir='ltr'><strong>sermone</strong></span> <span class='ocrx_word' id='word_1_81' title='bbox 639 755 730 789; x_wconf 88' lang='lat' dir='ltr'><strong>orta,</strong></span> <span class='ocrx_word' id='word_1_82' title='bbox 758 749 802 783; x_wconf 89' lang='lat' dir='ltr'><strong>de</strong></span> <span class='ocrx_word' id='word_1_83' title='bbox 832 762 902 796; x_wconf 90' lang='lat' dir='ltr'><strong>qua</strong></span> <span class='ocrx_word' id='word_1_84' title='bbox 932 751 1067 795; x_wconf 80' lang='lat' dir='ltr'><strong>egimus</strong></span> <span class='ocrx_word' id='word_1_85' title='bbox 1101 751 1139 784; x_wconf 91' lang='lat' dir='ltr'><strong>in</strong></span> <span class='ocrx_word' id='word_1_86' title='bbox 1165 757 1282 785; x_wconf 80' lang='lat' dir='ltr'><strong>annot.</strong></span> <span class='ocrx_word' id='word_1_87' title='bbox 1308 763 1386 796; x_wconf 84' lang='lat' dir='ltr'><strong>pag.</strong></span> <span class='ocrx_word' id='word_1_88' title='bbox 1409 751 1488 786; x_wconf 81' lang='lat'>190.</span> 
     </span>
    </p>

    <p class='ocr_par' dir='ltr' id='par_1_3' title="bbox 104 823 1794 1530">
     <span class='ocr_line' id='line_1_9' title="bbox 156 823 1794 869; baseline 0.001 -11"><span class='ocrx_word' id='word_1_89' title='bbox 156 824 309 859; x_wconf 86' lang='lat' dir='ltr'><strong>Amerus</strong></span> <span class='ocrx_word' id='word_1_90' title='bbox 344 823 544 858; x_wconf 79' lang='lat' dir='ltr'><strong>Caucabani</strong></span> <span class='ocrx_word' id='word_1_91' title='bbox 582 823 692 856; x_wconf 88' lang='lat' dir='ltr'><strong>vitam</strong></span> <span class='ocrx_word' id='word_1_92' title='bbox 736 823 834 868; x_wconf 85' lang='lat' dir='ltr'><strong>degit</strong></span> <span class='ocrx_word' id='word_1_93' title='bbox 873 831 909 858; x_wconf 89' lang='lat' dir='ltr'><strong>et</strong></span> <span class='ocrx_word' id='word_1_94' title='bbox 945 825 983 857; x_wconf 89' lang='lat' dir='ltr'><strong>in</strong></span> <span class='ocrx_word' id='word_1_95' title='bbox 1019 824 1190 858; x_wconf 83' lang='lat' dir='ltr'><strong>ministris</strong></span> <span class='ocrx_word' id='word_1_96' title='bbox 1227 825 1430 869; x_wconf 87' lang='lat' dir='ltr'><strong>principum</strong></span> <span class='ocrx_word' id='word_1_97' title='bbox 1467 826 1794 862; x_wconf 81' lang='lat' dir='ltr'><strong>Caucabanensium</strong></span> 
     </span>
     <span class='ocr_line' id='line_1_10' title="bbox 108 895 1792 943; baseline 0.002 -11"><span class='ocrx_word' id='word_1_98' title='bbox 108 897 294 932; x_wconf 87' lang='lat' dir='ltr'><strong>Izzeddini</strong></span> <span class='ocrx_word' id='word_1_99' title='bbox 324 903 359 931; x_wconf 89' lang='lat' dir='ltr'><strong>et</strong></span> <span class='ocrx_word' id='word_1_100' title='bbox 389 895 659 931; x_wconf 81' lang='lat' dir='ltr'><strong>Schamseddini</strong></span> <span class='ocrx_word' id='word_1_101' title='bbox 689 897 953 932; x_wconf 78' lang='lat' dir='ltr'><strong>numerabatur.</strong></span> <span class='ocrx_word' id='word_1_102' title='bbox 1004 898 1188 943; x_wconf 87' lang='lat' dir='ltr'><strong>Plerisque</strong></span> <span class='ocrx_word' id='word_1_103' title='bbox 1217 898 1342 937; x_wconf 80' lang='lat' dir='ltr'><strong>rebus,</strong></span> <span class='ocrx_word' id='word_1_104' title='bbox 1370 910 1458 943; x_wconf 88' lang='lat' dir='ltr'><strong>quas</strong></span> <span class='ocrx_word' id='word_1_105' title='bbox 1479 902 1652 940; x_wconf 86' lang='lat' dir='ltr'><strong>narravit,</strong></span> <span class='ocrx_word' id='word_1_106' title='bbox 1681 902 1792 936; x_wconf 84' lang='lat' dir='ltr'><strong>iuter-</strong></span> 
     </span>
     <span class='ocr_line' id='line_1_11' title="bbox 110 969 1790 1016; baseline 0.001 -12"><span class='ocrx_word' id='word_1_107' title='bbox 110 972 181 1006; x_wconf 80' lang='lat' dir='ltr'><strong>suit</strong></span> <span class='ocrx_word' id='word_1_108' title='bbox 207 971 298 1016; x_wconf 89' lang='lat' dir='ltr'><strong>ipse,</strong></span> <span class='ocrx_word' id='word_1_109' title='bbox 333 971 383 1004; x_wconf 88' lang='lat' dir='ltr'><strong>i-ta</strong></span> <span class='ocrx_word' id='word_1_110' title='bbox 412 976 453 1004; x_wconf 87' lang='lat' dir='ltr'><strong>ut</strong></span> <span class='ocrx_word' id='word_1_111' title='bbox 485 981 605 1003; x_wconf 87' lang='lat' dir='ltr'><strong>earum</strong></span> <span class='ocrx_word' id='word_1_112' title='bbox 636 969 778 1014; x_wconf 86' lang='lat' dir='ltr'><strong>ignarus</strong></span> <span class='ocrx_word' id='word_1_113' title='bbox 810 982 885 1003; x_wconf 90' lang='lat' dir='ltr'><strong>esse</strong></span> <span class='ocrx_word' id='word_1_114' title='bbox 914 971 1091 1016; x_wconf 84' lang='lat' dir='ltr'><strong>nequiret.</strong></span> <span class='ocrx_word' id='word_1_115' title='bbox 1151 970 1300 1015; x_wconf 87' lang='lat' dir='ltr'><strong>Saepius</strong></span> <span class='ocrx_word' id='word_1_116' title='bbox 1332 971 1440 1014; x_wconf 85' lang='lat' dir='ltr'><strong>legati</strong></span> <span class='ocrx_word' id='word_1_117' title='bbox 1470 973 1565 1005; x_wconf 86' lang='lat' dir='ltr'><strong>vices</strong></span> <span class='ocrx_word' id='word_1_118' title='bbox 1601 975 1790 1009; x_wconf 82' lang='lat' dir='ltr'><strong>sustinuit:</strong></span> 
     </span>
     <span class='ocr_line' id='line_1_12' title="bbox 110 1041 1793 1090; baseline 0.001 -11"><span class='ocrx_word' id='word_1_119' title='bbox 110 1046 224 1080; x_wconf 78' lang='lat' dir='ltr'><strong>veluti</strong></span> <span class='ocrx_word' id='word_1_120' title='bbox 261 1044 305 1078; x_wconf 84' lang='lat' dir='ltr'><strong>ad</strong></span> <span class='ocrx_word' id='word_1_121' title='bbox 333 1045 512 1078; x_wconf 84' lang='lat' dir='ltr'><strong>llasanum</strong></span> <span class='ocrx_word' id='word_1_122' title='bbox 542 1041 735 1080; x_wconf 79' lang='lat' dir='ltr'><strong>Paseham,</strong></span> <span class='ocrx_word' id='word_1_123' title='bbox 761 1042 832 1076; x_wconf 80' lang='lat' dir='ltr'><strong>vid.</strong></span> <span class='ocrx_word' id='word_1_124' title='bbox 859 1042 951 1076; x_wconf 85' lang='lat' dir='ltr'><strong>infra</strong></span> <span class='ocrx_word' id='word_1_125' title='bbox 980 1054 1056 1088; x_wconf 88' lang='lat' dir='ltr'><strong>pag.</strong></span> <span class='ocrx_word' id='word_1_126' title='bbox 1078 1042 1119 1081; x_wconf 86' lang='lat'><strong>9,</strong></span> <span class='ocrx_word' id='word_1_127' title='bbox 1147 1042 1192 1076; x_wconf 91' lang='lat' dir='ltr'><strong>ad</strong></span> <span class='ocrx_word' id='word_1_128' title='bbox 1225 1042 1346 1076; x_wconf 88' lang='lat' dir='ltr'><strong>Alium</strong></span> <span class='ocrx_word' id='word_1_129' title='bbox 1373 1043 1513 1089; x_wconf 77' lang='lat' dir='ltr'><strong>Jahjam</strong></span> <span class='ocrx_word' id='word_1_130' title='bbox 1548 1057 1625 1090; x_wconf 84' lang='lat' dir='ltr'><strong>pag.</strong></span> <span class='ocrx_word' id='word_1_131' title='bbox 1651 1046 1711 1085; x_wconf 85' lang='lat'><strong>13,</strong></span> <span class='ocrx_word' id='word_1_132' title='bbox 1748 1050 1793 1081; x_wconf 82' lang='lat' dir='ltr'><strong>ad</strong></span> 
     </span>
     <span class='ocr_line' id='line_1_13' title="bbox 109 1115 1792 1164; baseline 0 -11"><span class='ocrx_word' id='word_1_133' title='bbox 109 1120 294 1155; x_wconf 85' lang='lat' dir='ltr'><strong>Sinanum,</strong></span> <span class='ocrx_word' id='word_1_134' title='bbox 321 1128 397 1161; x_wconf 87' lang='lat' dir='ltr'><strong>pag.</strong></span> <span class='ocrx_word' id='word_1_135' title='bbox 419 1115 504 1158; x_wconf 69' lang='lat'><strong>1043</strong></span> <span class='ocrx_word' id='word_1_136' title='bbox 530 1115 683 1160; x_wconf 81' lang='lat' dir='ltr'><strong>negotiis</strong></span> <span class='ocrx_word' id='word_1_137' title='bbox 706 1116 860 1161; x_wconf 88' lang='lat' dir='ltr'><strong>publicis</strong></span> <span class='ocrx_word' id='word_1_138' title='bbox 891 1117 969 1150; x_wconf 85' lang='lat' dir='ltr'><strong>aliis</strong></span> <span class='ocrx_word' id='word_1_139' title='bbox 1003 1129 1146 1162; x_wconf 80' lang='lat' dir='ltr'><strong>quoque</strong></span> <span class='ocrx_word' id='word_1_140' title='bbox 1178 1116 1363 1150; x_wconf 83' lang='lat' dir='ltr'><strong>interfuit:</strong></span> <span class='ocrx_word' id='word_1_141' title='bbox 1402 1117 1472 1151; x_wconf 70' lang='lat' dir='ltr'><strong>vid.</strong></span> <span class='ocrx_word' id='word_1_142' title='bbox 1500 1118 1593 1152; x_wconf 79' lang='lat' dir='ltr'><strong>infra</strong></span> <span class='ocrx_word' id='word_1_143' title='bbox 1621 1120 1699 1164; x_wconf 85' lang='lat' dir='ltr'><strong>ejus</strong></span> <span class='ocrx_word' id='word_1_144' title='bbox 1724 1121 1792 1154; x_wconf 84' lang='lat' dir='ltr'><strong>iter</strong></span> 
     </span>
     <span class='ocr_line' id='line_1_14' title="bbox 109 1189 1792 1239; baseline 0.001 -12"><span class='ocrx_word' id='word_1_145' title='bbox 109 1193 152 1227; x_wconf 87' lang='lat' dir='ltr'><strong>ad</strong></span> <span class='ocrx_word' id='word_1_146' title='bbox 176 1191 299 1226; x_wconf 85' lang='lat' dir='ltr'><strong>Alium</strong></span> <span class='ocrx_word' id='word_1_147' title='bbox 323 1190 466 1236; x_wconf 81' lang='lat' dir='ltr'><strong>Jahjam</strong></span> <span class='ocrx_word' id='word_1_148' title='bbox 500 1201 577 1235; x_wconf 84' lang='lat' dir='ltr'><strong>pag.</strong></span> <span class='ocrx_word' id='word_1_149' title='bbox 599 1189 664 1229; x_wconf 87' lang='lat'><strong>21,</strong></span> <span class='ocrx_word' id='word_1_150' title='bbox 700 1196 737 1224; x_wconf 81' lang='lat' dir='ltr'><strong>et</strong></span> <span class='ocrx_word' id='word_1_151' title='bbox 761 1190 858 1224; x_wconf 76' lang='lat' dir='ltr'><strong>aliud</strong></span> <span class='ocrx_word' id='word_1_152' title='bbox 883 1191 952 1224; x_wconf 89' lang='lat' dir='ltr'><strong>iter</strong></span> <span class='ocrx_word' id='word_1_153' title='bbox 983 1202 1064 1224; x_wconf 90' lang='lat' dir='ltr'><strong>cum</strong></span> <span class='ocrx_word' id='word_1_154' title='bbox 1093 1189 1372 1225; x_wconf 80' lang='lat' dir='ltr'><strong>Schamseddino</strong></span> <span class='ocrx_word' id='word_1_155' title='bbox 1398 1191 1607 1226; x_wconf 81' lang='lat' dir='ltr'><strong>Meswarum</strong></span> <span class='ocrx_word' id='word_1_156' title='bbox 1631 1205 1708 1239; x_wconf 90' lang='lat' dir='ltr'><strong>pag.</strong></span> <span class='ocrx_word' id='word_1_157' title='bbox 1733 1193 1792 1229; x_wconf 54' lang='lat'><strong>88·</strong></span> 
     </span>
     <span class='ocr_line' id='line_1_15' title="bbox 108 1263 1791 1312; baseline 0.001 -12"><span class='ocrx_word' id='word_1_158' title='bbox 108 1265 319 1311; x_wconf 82' lang='lat' dir='ltr'><strong>Saepissime</strong></span> <span class='ocrx_word' id='word_1_159' title='bbox 349 1276 511 1310; x_wconf 86' lang='lat' dir='ltr'><strong>quoque,</strong></span> <span class='ocrx_word' id='word_1_160' title='bbox 532 1263 733 1309; x_wconf 77' lang='lat' dir='ltr'><strong>principum</strong></span> <span class='ocrx_word' id='word_1_161' title='bbox 758 1263 1088 1299; x_wconf 75' lang='lat' dir='ltr'><strong>Caueabanensium</strong></span> <span class='ocrx_word' id='word_1_162' title='bbox 1108 1265 1268 1303; x_wconf 87' lang='lat' dir='ltr'><strong>nomine,</strong></span> <span class='ocrx_word' id='word_1_163' title='bbox 1292 1265 1412 1299; x_wconf 80' lang='lat' dir='ltr'><strong>literas</strong></span> <span class='ocrx_word' id='word_1_164' title='bbox 1439 1266 1596 1300; x_wconf 76' lang='lat' dir='ltr'><strong>exaravit</strong></span> <span class='ocrx_word' id='word_1_165' title='bbox 1618 1266 1791 1312; x_wconf 84' lang='lat' dir='ltr'><strong>deditque</strong></span> 
     </span>
     <span class='ocr_line' id='line_1_16' title="bbox 108 1338 1790 1384; baseline -0.001 -10"><span class='ocrx_word' id='word_1_166' title='bbox 108 1339 152 1374; x_wconf 83' lang='lat' dir='ltr'><strong>ad</strong></span> <span class='ocrx_word' id='word_1_167' title='bbox 172 1339 256 1373; x_wconf 83' lang='lat' dir='ltr'><strong>alios</strong></span> <span class='ocrx_word' id='word_1_168' title='bbox 272 1338 467 1384; x_wconf 83' lang='lat' dir='ltr'><strong>principes,</strong></span> <span class='ocrx_word' id='word_1_169' title='bbox 493 1351 524 1373; x_wconf 88' lang='lat' dir='ltr'><strong>v.</strong></span> <span class='ocrx_word' id='word_1_170' title='bbox 544 1350 573 1384; x_wconf 78' lang='lat' dir='ltr'><strong>g.</strong></span> <span class='ocrx_word' id='word_1_171' title='bbox 598 1338 643 1372; x_wconf 84' lang='lat' dir='ltr'><strong>ad</strong></span> <span class='ocrx_word' id='word_1_172' title='bbox 665 1338 877 1372; x_wconf 79' lang='lat' dir='ltr'><strong>Lothsallam</strong></span> <span class='ocrx_word' id='word_1_173' title='bbox 903 1351 980 1384; x_wconf 83' lang='lat' dir='ltr'><strong>pag.</strong></span> <span class='ocrx_word' id='word_1_174' title='bbox 1001 1340 1046 1373; x_wconf 86' lang='lat'><strong>55</strong></span> <span class='ocrx_word' id='word_1_175' title='bbox 1059 1364 1071 1377; x_wconf 73' lang='lat'>,</span> <span class='ocrx_word' id='word_1_176' title='bbox 1094 1338 1139 1372; x_wconf 79' lang='lat' dir='ltr'><strong>ad</strong></span> <span class='ocrx_word' id='word_1_177' title='bbox 1160 1338 1331 1372; x_wconf 84' lang='lat' dir='ltr'><strong>Pascham</strong></span> <span class='ocrx_word' id='word_1_178' title='bbox 1351 1351 1426 1382; x_wconf 82' lang='lat' dir='ltr'><strong>pag.</strong></span> <span class='ocrx_word' id='word_1_179' title='bbox 1444 1339 1491 1373; x_wconf 86' lang='lat'><strong>56</strong></span> <span class='ocrx_word' id='word_1_180' title='bbox 1517 1345 1552 1373; x_wconf 84' lang='lat' dir='ltr'><strong>et</strong></span> <span class='ocrx_word' id='word_1_181' title='bbox 1571 1339 1615 1371; x_wconf 85' lang='lat' dir='ltr'><strong>ad</strong></span> <span class='ocrx_word' id='word_1_182' title='bbox 1635 1340 1790 1373; x_wconf 84' lang='lat' dir='ltr'><strong>eundem</strong></span> 
     </span>
     <span class='ocr_line' id='line_1_17' title="bbox 104 1411 1788 1459; baseline 0 -12"><span class='ocrx_word' id='word_1_183' title='bbox 104 1425 180 1459; x_wconf 86' lang='lat' dir='ltr'><strong>pag.</strong></span> <span class='ocrx_word' id='word_1_184' title='bbox 200 1412 262 1452; x_wconf 83' lang='lat'><strong>89,</strong></span> <span class='ocrx_word' id='word_1_185' title='bbox 290 1412 446 1458; x_wconf 82' lang='lat' dir='ltr'><strong>aliasque</strong></span> <span class='ocrx_word' id='word_1_186' title='bbox 463 1413 567 1457; x_wconf 86' lang='lat' dir='ltr'><strong>jussu</strong></span> <span class='ocrx_word' id='word_1_187' title='bbox 592 1412 778 1446; x_wconf 83' lang='lat' dir='ltr'><strong>Izzeddini</strong></span> <span class='ocrx_word' id='word_1_188' title='bbox 806 1413 1056 1446; x_wconf 84' lang='lat' dir='ltr'><strong>consolatorias</strong></span> <span class='ocrx_word' id='word_1_189' title='bbox 1083 1412 1131 1445; x_wconf 63' lang='lat' dir='ltr'><strong>ad,</strong></span> <span class='ocrx_word' id='word_1_190' title='bbox 1151 1412 1323 1445; x_wconf 78' lang='lat' dir='ltr'><strong>pascham</strong></span> <span class='ocrx_word' id='word_1_191' title='bbox 1346 1411 1483 1444; x_wconf 81' lang='lat' dir='ltr'><strong>obitum</strong></span> <span class='ocrx_word' id='word_1_192' title='bbox 1504 1412 1614 1455; x_wconf 77' lang='lat' dir='ltr'><strong>patris</strong></span> <span class='ocrx_word' id='word_1_193' title='bbox 1639 1413 1788 1447; x_wconf 85' lang='lat' dir='ltr'><strong>Hoseini</strong></span> 
     </span>
     <span class='ocr_line' id='line_1_18' title="bbox 105 1486 588 1530; baseline -0.006 -9"><span class='ocrx_word' id='word_1_194' title='bbox 105 1492 340 1523; x_wconf 83' lang='lat' dir='ltr'><strong>moerentem,</strong></span> <span class='ocrx_word' id='word_1_195' title='bbox 370 1497 447 1530; x_wconf 84' lang='lat' dir='ltr'><strong>pag.</strong></span> <span class='ocrx_word' id='word_1_196' title='bbox 478 1486 521 1519; x_wconf 88' lang='grc'><strong>16</strong></span> <span class='ocrx_word' id='word_1_197' title='bbox 547 1486 588 1518; x_wconf 89' lang='lat' dir='ltr'><strong>al.</strong></span> 
     </span>
    </p>

    <p class='ocr_par' dir='ltr' id='par_1_4' title="bbox 105 1557 1787 2340">
     <span class='ocr_line' id='line_1_19' title="bbox 153 1557 1787 1604; baseline 0.002 -12"><span class='ocrx_word' id='word_1_198' title='bbox 153 1561 342 1604; x_wconf 83' lang='lat' dir='ltr'><strong>Quumque</strong></span> <span class='ocrx_word' id='word_1_199' title='bbox 373 1557 461 1591; x_wconf 85' lang='lat' dir='ltr'><strong>adeo</strong></span> <span class='ocrx_word' id='word_1_200' title='bbox 491 1558 540 1591; x_wconf 85' lang='lat' dir='ltr'><strong>ita</strong></span> <span class='ocrx_word' id='word_1_201' title='bbox 570 1558 675 1591; x_wconf 86' lang='lat' dir='ltr'><strong>rebus</strong></span> <span class='ocrx_word' id='word_1_202' title='bbox 709 1557 862 1602; x_wconf 79' lang='lat' dir='ltr'><strong>publicis</strong></span> <span class='ocrx_word' id='word_1_203' title='bbox 895 1558 1098 1591; x_wconf 76' lang='lat' dir='ltr'><strong>interfuerit</strong></span> <span class='ocrx_word' id='word_1_204' title='bbox 1129 1558 1298 1594; x_wconf 79' lang='lat' dir='ltr'><strong>Amerus,</strong></span> <span class='ocrx_word' id='word_1_205' title='bbox 1327 1563 1367 1589; x_wconf 88' lang='lat' dir='ltr'><strong>ut</strong></span> <span class='ocrx_word' id='word_1_206' title='bbox 1397 1569 1518 1592; x_wconf 81' lang='lat' dir='ltr'><strong>earum</strong></span> <span class='ocrx_word' id='word_1_207' title='bbox 1546 1560 1686 1603; x_wconf 81' lang='lat' dir='ltr'><strong>ignarus</strong></span> <span class='ocrx_word' id='word_1_208' title='bbox 1712 1573 1787 1595; x_wconf 84' lang='lat' dir='ltr'><strong>esse</strong></span> 
     </span>
     <span class='ocr_line' id='line_1_20' title="bbox 105 1629 1787 1676; baseline 0.001 -10"><span class='ocrx_word' id='word_1_209' title='bbox 105 1645 176 1667; x_wconf 85' lang='lat' dir='ltr'><strong>non</strong></span> <span class='ocrx_word' id='word_1_210' title='bbox 199 1636 337 1676; x_wconf 86' lang='lat' dir='ltr'><strong>posset,</strong></span> <span class='ocrx_word' id='word_1_211' title='bbox 363 1630 431 1663; x_wconf 91' lang='lat' dir='ltr'><strong>hoc</strong></span> <span class='ocrx_word' id='word_1_212' title='bbox 452 1642 563 1663; x_wconf 78' lang='lat' dir='ltr'><strong>unuin</strong></span> <span class='ocrx_word' id='word_1_213' title='bbox 583 1630 788 1675; x_wconf 77' lang='lat' dir='ltr'><strong>quaeritur,</strong></span> <span class='ocrx_word' id='word_1_214' title='bbox 815 1642 900 1663; x_wconf 89' lang='lat' dir='ltr'><strong>num</strong></span> <span class='ocrx_word' id='word_1_215' title='bbox 923 1643 978 1663; x_wconf 85' lang='lat' dir='ltr'><strong>res</strong></span> <span class='ocrx_word' id='word_1_216' title='bbox 1000 1636 1115 1674; x_wconf 82' lang='lat' dir='ltr'><strong>gestas</strong></span> <span class='ocrx_word' id='word_1_217' title='bbox 1136 1629 1191 1663; x_wconf 90' lang='lat' dir='ltr'><strong>sui</strong></span> <span class='ocrx_word' id='word_1_218' title='bbox 1217 1630 1384 1674; x_wconf 83' lang='lat' dir='ltr'><strong>temporis</strong></span> <span class='ocrx_word' id='word_1_219' title='bbox 1405 1631 1556 1664; x_wconf 84' lang='lat' dir='ltr'><strong>candide</strong></span> <span class='ocrx_word' id='word_1_220' title='bbox 1582 1638 1617 1666; x_wconf 90' lang='lat' dir='ltr'><strong>et</strong></span> <span class='ocrx_word' id='word_1_221' title='bbox 1642 1645 1683 1666; x_wconf 79' lang='lat' dir='ltr'><strong>ex</strong></span> <span class='ocrx_word' id='word_1_222' title='bbox 1704 1647 1787 1668; x_wconf 81' lang='lat' dir='ltr'><strong>vero</strong></span> 
     </span>
     <span class='ocr_line' id='line_1_21' title="bbox 106 1702 1787 1749; baseline 0 -9"><span class='ocrx_word' id='word_1_223' title='bbox 106 1705 243 1740; x_wconf 79' lang='lat' dir='ltr'><strong>tradere</strong></span> <span class='ocrx_word' id='word_1_224' title='bbox 273 1703 437 1737; x_wconf 68' lang='lat' dir='ltr'><strong>voluerit.</strong></span> <span class='ocrx_word' id='word_1_225' title='bbox 487 1703 532 1737; x_wconf 89' lang='lat' dir='ltr'><strong>In</strong></span> <span class='ocrx_word' id='word_1_226' title='bbox 560 1715 631 1749; x_wconf 84' lang='lat' dir='ltr'><strong>qua</strong></span> <span class='ocrx_word' id='word_1_227' title='bbox 659 1715 697 1737; x_wconf 90' lang='lat' dir='ltr'><strong>re</strong></span> <span class='ocrx_word' id='word_1_228' title='bbox 719 1703 951 1749; x_wconf 81' lang='lat' dir='ltr'><strong>dijudicanda</strong></span> <span class='ocrx_word' id='word_1_229' title='bbox 976 1704 1126 1738; x_wconf 85' lang='lat' dir='ltr'><strong>aliorum</strong></span> <span class='ocrx_word' id='word_1_230' title='bbox 1153 1702 1364 1748; x_wconf 83' lang='lat' dir='ltr'><strong>scriptorum</strong></span> <span class='ocrx_word' id='word_1_231' title='bbox 1386 1705 1597 1739; x_wconf 73' lang='lat' dir='ltr'><strong>testimoniis</strong></span> <span class='ocrx_word' id='word_1_232' title='bbox 1621 1707 1787 1740; x_wconf 81' lang='lat' dir='ltr'><strong>destitui-</strong></span> 
     </span>
     <span class='ocr_line' id='line_1_22' title="bbox 105 1777 1785 1825; baseline 0.001 -12"><span class='ocrx_word' id='word_1_233' title='bbox 105 1791 201 1813; x_wconf 87' lang='lat' dir='ltr'><strong>mur:</strong></span> <span class='ocrx_word' id='word_1_234' title='bbox 237 1777 347 1810; x_wconf 84' lang='lat' dir='ltr'><strong>habet</strong></span> <span class='ocrx_word' id='word_1_235' title='bbox 373 1782 492 1811; x_wconf 85' lang='lat' dir='ltr'><strong>tamen</strong></span> <span class='ocrx_word' id='word_1_236' title='bbox 524 1778 602 1822; x_wconf 85' lang='lat' dir='ltr'><strong>ejus</strong></span> <span class='ocrx_word' id='word_1_237' title='bbox 625 1778 782 1812; x_wconf 80' lang='lat' dir='ltr'><strong>narratio</strong></span> <span class='ocrx_word' id='word_1_238' title='bbox 805 1778 966 1813; x_wconf 81' lang='lat' dir='ltr'><strong>veritatis</strong></span> <span class='ocrx_word' id='word_1_239' title='bbox 995 1784 1048 1811; x_wconf 83' lang='lat' dir='ltr'><strong>tot</strong></span> <span class='ocrx_word' id='word_1_240' title='bbox 1071 1777 1205 1811; x_wconf 83' lang='lat' dir='ltr'><strong>indicia</strong></span> <span class='ocrx_word' id='word_1_241' title='bbox 1232 1777 1389 1817; x_wconf 88' lang='lat' dir='ltr'><strong>interna,</strong></span> <span class='ocrx_word' id='word_1_242' title='bbox 1419 1784 1460 1811; x_wconf 89' lang='lat' dir='ltr'><strong>ut</strong></span> <span class='ocrx_word' id='word_1_243' title='bbox 1482 1791 1544 1812; x_wconf 87' lang='lat' dir='ltr'><strong>nos</strong></span> <span class='ocrx_word' id='word_1_244' title='bbox 1569 1780 1714 1825; x_wconf 82' lang='lat' dir='ltr'><strong>quidem</strong></span> <span class='ocrx_word' id='word_1_245' title='bbox 1740 1782 1785 1814; x_wconf 83' lang='lat' dir='ltr'><strong>&lt;le</strong></span> 
     </span>
     <span class='ocr_line' id='line_1_23' title="bbox 107 1851 1783 1899; baseline 0.001 -13"><span class='ocrx_word' id='word_1_246' title='bbox 107 1865 247 1889; x_wconf 70' lang='lat' dir='ltr'><strong>rerum,</strong></span> <span class='ocrx_word' id='word_1_247' title='bbox 274 1862 362 1896; x_wconf 85' lang='lat' dir='ltr'><strong>quas</strong></span> <span class='ocrx_word' id='word_1_248' title='bbox 386 1857 519 1890; x_wconf 84' lang='lat' dir='ltr'><strong>narrat,</strong></span> <span class='ocrx_word' id='word_1_249' title='bbox 546 1851 698 1886; x_wconf 81' lang='lat' dir='ltr'><strong>veritate</strong></span> <span class='ocrx_word' id='word_1_250' title='bbox 722 1864 795 1886; x_wconf 89' lang='lat' dir='ltr'><strong>non</strong></span> <span class='ocrx_word' id='word_1_251' title='bbox 816 1852 1040 1890; x_wconf 86' lang='lat' dir='ltr'><strong>dubitemus,</strong></span> <span class='ocrx_word' id='word_1_252' title='bbox 1068 1851 1135 1884; x_wconf 87' lang='lat' dir='ltr'><strong>etsi</strong></span> <span class='ocrx_word' id='word_1_253' title='bbox 1155 1851 1199 1884; x_wconf 84' lang='lat' dir='ltr'><strong>ab</strong></span> <span class='ocrx_word' id='word_1_254' title='bbox 1219 1852 1297 1895; x_wconf 74' lang='lat' dir='ltr'><strong>ejus</strong></span> <span class='ocrx_word' id='word_1_255' title='bbox 1320 1851 1364 1884; x_wconf 87' lang='lat' dir='ltr'><strong>de</strong></span> <span class='ocrx_word' id='word_1_256' title='bbox 1386 1852 1492 1886; x_wconf 84' lang='lat' dir='ltr'><strong>rebus</strong></span> <span class='ocrx_word' id='word_1_257' title='bbox 1518 1853 1783 1899; x_wconf 64' lang='lat' dir='ltr'><strong>gestis-judicio</strong></span> 
     </span>
     <span class='ocr_line' id='line_1_24' title="bbox 105 1924 1785 1971; baseline 0.002 -11"><span class='ocrx_word' id='word_1_258' title='bbox 105 1936 359 1970; x_wconf 82' lang='lat' dir='ltr'><strong>nonnunquam</strong></span> <span class='ocrx_word' id='word_1_259' title='bbox 381 1924 639 1959; x_wconf 83' lang='lat' dir='ltr'><strong>dissentiamus.</strong></span> <span class='ocrx_word' id='word_1_260' title='bbox 702 1926 739 1960; x_wconf 88' lang='lat' dir='ltr'><strong>Si</strong></span> <span class='ocrx_word' id='word_1_261' title='bbox 768 1937 875 1971; x_wconf 85' lang='lat' dir='ltr'><strong>quam</strong></span> <span class='ocrx_word' id='word_1_262' title='bbox 904 1926 1014 1964; x_wconf 86' lang='lat' dir='ltr'><strong>enim,</strong></span> <span class='ocrx_word' id='word_1_263' title='bbox 1043 1930 1139 1958; x_wconf 84' lang='lat' dir='ltr'><strong>certe</strong></span> <span class='ocrx_word' id='word_1_264' title='bbox 1170 1925 1406 1970; x_wconf 83' lang='lat' dir='ltr'><strong>simplicitatis</strong></span> <span class='ocrx_word' id='word_1_265' title='bbox 1436 1926 1609 1971; x_wconf 83' lang='lat' dir='ltr'><strong>ingenuae</strong></span> <span class='ocrx_word' id='word_1_266' title='bbox 1643 1929 1785 1963; x_wconf 81' lang='lat' dir='ltr'><strong>laudem</strong></span> 
     </span>
     <span class='ocr_line' id='line_1_25' title="bbox 105 1998 1782 2044; baseline 0 -10"><span class='ocrx_word' id='word_1_267' title='bbox 105 2005 259 2034; x_wconf 86' lang='lat' dir='ltr'><strong>meretur</strong></span> <span class='ocrx_word' id='word_1_268' title='bbox 289 1998 349 2031; x_wconf 76' lang='lat' dir='ltr'><strong>hic</strong></span> <span class='ocrx_word' id='word_1_269' title='bbox 379 1998 478 2032; x_wconf 87' lang='lat' dir='ltr'><strong>liber.</strong></span> <span class='ocrx_word' id='word_1_270' title='bbox 537 1999 744 2038; x_wconf 81' lang='lat' dir='ltr'><strong>Praeterea,</strong></span> <span class='ocrx_word' id='word_1_271' title='bbox 772 1999 800 2032; x_wconf 89' lang='lat' dir='ltr'><strong>si</strong></span> <span class='ocrx_word' id='word_1_272' title='bbox 826 2011 930 2033; x_wconf 88' lang='lat' dir='ltr'><strong>nemo</strong></span> <span class='ocrx_word' id='word_1_273' title='bbox 956 1999 994 2032; x_wconf 91' lang='lat' dir='ltr'><strong>in</strong></span> <span class='ocrx_word' id='word_1_274' title='bbox 1021 1999 1075 2032; x_wconf 92' lang='lat' dir='ltr'><strong>sui</strong></span> <span class='ocrx_word' id='word_1_275' title='bbox 1107 1999 1274 2044; x_wconf 87' lang='lat' dir='ltr'><strong>temporis</strong></span> <span class='ocrx_word' id='word_1_276' title='bbox 1305 1999 1453 2033; x_wconf 86' lang='lat' dir='ltr'><strong>historia</strong></span> <span class='ocrx_word' id='word_1_277' title='bbox 1484 2002 1737 2036; x_wconf 84' lang='lat' dir='ltr'><strong>conscribenda</strong></span> <span class='ocrx_word' id='word_1_278' title='bbox 1763 2015 1782 2035; x_wconf 74' lang='lat' dir='ltr'><strong>a</strong></span> 
     </span>
     <span class='ocr_line' id='line_1_26' title="bbox 106 2071 1781 2118; baseline 0.002 -13"><span class='ocrx_word' id='word_1_279' title='bbox 106 2072 257 2117; x_wconf 86' lang='lat' dir='ltr'><strong>partium</strong></span> <span class='ocrx_word' id='word_1_280' title='bbox 283 2071 400 2105; x_wconf 88' lang='lat' dir='ltr'><strong>studio</strong></span> <span class='ocrx_word' id='word_1_281' title='bbox 426 2083 567 2116; x_wconf 88' lang='lat' dir='ltr'><strong>prorsus</strong></span> <span class='ocrx_word' id='word_1_282' title='bbox 592 2072 681 2106; x_wconf 90' lang='lat' dir='ltr'><strong>liber</strong></span> <span class='ocrx_word' id='word_1_283' title='bbox 703 2085 778 2107; x_wconf 88' lang='lat' dir='ltr'><strong>esse</strong></span> <span class='ocrx_word' id='word_1_284' title='bbox 803 2079 939 2118; x_wconf 89' lang='lat' dir='ltr'><strong>potest,</strong></span> <span class='ocrx_word' id='word_1_285' title='bbox 966 2073 1005 2106; x_wconf 88' lang='lat' dir='ltr'><strong>in</strong></span> <span class='ocrx_word' id='word_1_286' title='bbox 1026 2073 1133 2118; x_wconf 81' lang='lat' dir='ltr'><strong>hujus</strong></span> <span class='ocrx_word' id='word_1_287' title='bbox 1156 2072 1237 2105; x_wconf 84' lang='lat' dir='ltr'><strong>libri</strong></span> <span class='ocrx_word' id='word_1_288' title='bbox 1261 2073 1539 2108; x_wconf 87' lang='lat' dir='ltr'><strong>emolumentum</strong></span> <span class='ocrx_word' id='word_1_289' title='bbox 1563 2075 1712 2113; x_wconf 81' lang='lat' dir='ltr'><strong>accidit,</strong></span> <span class='ocrx_word' id='word_1_290' title='bbox 1740 2082 1781 2110; x_wconf 89' lang='lat' dir='ltr'><strong>ut</strong></span> 
     </span>
     <span class='ocr_line' id='line_1_27' title="bbox 107 2145 1782 2192; baseline 0.002 -14"><span class='ocrx_word' id='word_1_291' title='bbox 107 2146 185 2190; x_wconf 77' lang='lat' dir='ltr'><strong>ejus</strong></span> <span class='ocrx_word' id='word_1_292' title='bbox 215 2145 363 2188; x_wconf 83' lang='lat' dir='ltr'><strong>scriptor</strong></span> <span class='ocrx_word' id='word_1_293' title='bbox 395 2156 529 2178; x_wconf 82' lang='lat' dir='ltr'><strong>summa</strong></span> <span class='ocrx_word' id='word_1_294' title='bbox 553 2145 711 2180; x_wconf 85' lang='lat' dir='ltr'><strong>Paschae</strong></span> <span class='ocrx_word' id='word_1_295' title='bbox 741 2146 973 2180; x_wconf 87' lang='lat' dir='ltr'><strong>admiratione</strong></span> <span class='ocrx_word' id='word_1_296' title='bbox 1005 2146 1199 2180; x_wconf 87' lang='lat' dir='ltr'><strong>duceretur</strong></span> <span class='ocrx_word' id='word_1_297' title='bbox 1225 2153 1261 2180; x_wconf 90' lang='lat' dir='ltr'><strong>et</strong></span> <span class='ocrx_word' id='word_1_298' title='bbox 1290 2146 1384 2180; x_wconf 84' lang='lat' dir='ltr'><strong>idem</strong></span> <span class='ocrx_word' id='word_1_299' title='bbox 1416 2147 1523 2192; x_wconf 76' lang='lat' dir='ltr'><strong>hujus</strong></span> <span class='ocrx_word' id='word_1_300' title='bbox 1549 2148 1668 2180; x_wconf 87' lang='lat' dir='ltr'><strong>hostes</strong></span> <span class='ocrx_word' id='word_1_301' title='bbox 1696 2150 1782 2181; x_wconf 84' lang='lat' dir='ltr'><strong>ami-</strong></span> 
     </span>
     <span class='ocr_line' id='line_1_28' title="bbox 109 2217 1781 2268; baseline 0.004 -17"><span class='ocrx_word' id='word_1_302' title='bbox 109 2218 193 2252; x_wconf 86' lang='lat' dir='ltr'><strong>citia</strong></span> <span class='ocrx_word' id='word_1_303' title='bbox 218 2218 355 2262; x_wconf 85' lang='lat' dir='ltr'><strong>integra</strong></span> <span class='ocrx_word' id='word_1_304' title='bbox 388 2217 528 2252; x_wconf 85' lang='lat' dir='ltr'><strong>coleret.</strong></span> <span class='ocrx_word' id='word_1_305' title='bbox 586 2217 679 2252; x_wconf 90' lang='lat' dir='ltr'><strong>Hinc</strong></span> <span class='ocrx_word' id='word_1_306' title='bbox 712 2219 820 2264; x_wconf 90' lang='lat' dir='ltr'><strong>igitur</strong></span> <span class='ocrx_word' id='word_1_307' title='bbox 847 2219 979 2253; x_wconf 83' lang='lat' dir='ltr'><strong>Hasani</strong></span> <span class='ocrx_word' id='word_1_308' title='bbox 1005 2219 1209 2258; x_wconf 87' lang='lat' dir='ltr'><strong>admiratio,</strong></span> <span class='ocrx_word' id='word_1_309' title='bbox 1246 2232 1336 2265; x_wconf 84' lang='lat' dir='ltr'><strong>quae</strong></span> <span class='ocrx_word' id='word_1_310' title='bbox 1369 2232 1439 2253; x_wconf 86' lang='lat' dir='ltr'><strong>non</strong></span> <span class='ocrx_word' id='word_1_311' title='bbox 1470 2220 1673 2264; x_wconf 82' lang='lat' dir='ltr'><strong>prohibuit,</strong></span> <span class='ocrx_word' id='word_1_312' title='bbox 1710 2235 1781 2268; x_wconf 87' lang='lat' dir='ltr'><strong>quo</strong></span> 
     </span>
     <span class='ocr_line' id='line_1_29' title="bbox 109 2291 1782 2340; baseline 0.004 -16"><span class='ocrx_word' id='word_1_313' title='bbox 109 2291 224 2325; x_wconf 85' lang='lat' dir='ltr'><strong>minus</strong></span> <span class='ocrx_word' id='word_1_314' title='bbox 250 2291 405 2326; x_wconf 83' lang='lat' dir='ltr'><strong>Paschae</strong></span> <span class='ocrx_word' id='word_1_315' title='bbox 426 2291 514 2325; x_wconf 84' lang='lat' dir='ltr'><strong>vitia</strong></span> <span class='ocrx_word' id='word_1_316' title='bbox 533 2297 569 2326; x_wconf 91' lang='lat' dir='ltr'><strong>et</strong></span> <span class='ocrx_word' id='word_1_317' title='bbox 592 2304 647 2328; x_wconf 87' lang='lat' dir='ltr'><strong>res</strong></span> <span class='ocrx_word' id='word_1_318' title='bbox 667 2293 756 2327; x_wconf 88' lang='lat' dir='ltr'><strong>male</strong></span> <span class='ocrx_word' id='word_1_319' title='bbox 778 2298 892 2338; x_wconf 83' lang='lat' dir='ltr'><strong>gestas</strong></span> <span class='ocrx_word' id='word_1_320' title='bbox 913 2293 1063 2329; x_wconf 81' lang='lat' dir='ltr'><strong>candide</strong></span> <span class='ocrx_word' id='word_1_321' title='bbox 1087 2293 1322 2327; x_wconf 81' lang='lat' dir='ltr'><strong>describeret:</strong></span> <span class='ocrx_word' id='word_1_322' title='bbox 1350 2292 1447 2326; x_wconf 85' lang='lat' dir='ltr'><strong>illine</strong></span> <span class='ocrx_word' id='word_1_323' title='bbox 1472 2294 1672 2340; x_wconf 88' lang='lat' dir='ltr'><strong>principum</strong></span> <span class='ocrx_word' id='word_1_324' title='bbox 1695 2296 1782 2330; x_wconf 80' lang='lat' dir='ltr'><strong>Ara-</strong></span> 
     </span>
    </p>
   </div>
   <div class='ocr_carea' id='block_1_3' title="bbox 1699 2370 1781 2403">
    <p class='ocr_par' dir='ltr' id='par_1_5' title="bbox 1699 2370 1781 2403">
     <span class='ocr_line' id='line_1_30' title="bbox 1699 2370 1781 2403; baseline 0.012 -1"><span class='ocrx_word' id='word_1_325' title='bbox 1699 2370 1781 2403; x_wconf 81' lang='lat' dir='ltr'><strong>buin</strong></span> 
     </span>
    </p>
   </div>
  </div>
 </body>
</html>
