2055 2865
808 168 969 203 -61
1019 184 1091 195 -..

111 275 183 304 ‘tem
202 268 345 303 hostem
360 265 510 301 defensu
532 265 645 300 facilis
669 271 705 299 et
726 270 924 311 opportune
944 263 1052 295 situs:
1079 261 1209 295 multas
1238 265 1357 295 tamen
1387 263 1520 296 exstrui
1537 261 1646 308 jussit
1661 264 1775 297 muni-

112 329 227 362 tiones
248 328 286 361 in
312 327 428 362 fronte
456 333 663 365 castrorum,
690 326 820 372 quibus
849 322 990 360 effecit,
1017 328 1058 356 ut
1088 323 1145 355 vix
1175 334 1216 355 ac
1242 335 1286 356 nc
1316 323 1374 356 vix
1394 324 1541 369 quidem
1561 323 1656 357 vinci
1675 335 1776 368 posse

113 388 315 424 videretur:
343 400 364 421 a
388 394 486 433 tergo
516 393 630 421 castra
655 398 718 419 sua
749 396 822 418 non
852 382 1103 420 communivit,
1139 394 1250 427 quum
1278 384 1416 416 nullum
1440 384 1524 417 inde
1555 390 1778 429 exspectaret

113 448 271 491 hostem3
292 454 432 482 tantum
453 447 601 482 subsidii
615 447 693 479 loco
712 446 823 478 altera
844 449 958 477 castra
974 448 1069 476 retro
1091 448 1128 476 et
1145 443 1291 487 propius
1303 445 1452 478 Suadam
1470 445 1603 490 posuit,
1625 458 1778 491 quorum

113 511 301 555 imperium
319 509 401 543 filiis
419 515 456 542 et
472 514 600 553 patruo
620 506 762 540 Mahdio
780 511 793 528 a
815 505 981 539 tradidit:
1008 503 1103 538 viam
1124 503 1255 548 regiam
1275 515 1366 548 quae
1387 516 1451 549 per
1476 512 1591 539 castra
1609 519 1671 540 sua
1700 508 1780 541 Saa-

113 571 196 604 dam
215 570 370 604 ducebat
388 569 579 614 diligenter
598 567 771 606 munivit,
800 573 836 601 ct
863 566 1018 612 reliquas
1045 565 1175 598 montis
1196 565 1271 599 vias
1298 570 1335 598 ct
1355 565 1497 598 semitas
1517 566 1568 599 ita
1587 567 1782 605 obstruxit,

115 637 157 664 ut
175 629 309 663 nemini
328 629 370 662 iis
387 629 442 663 uti
460 629 595 663 liceret.
647 629 740 662 Dum
763 628 853 662 haec
865 628 1064 673 agebantur
1076 653 1083 666 ‚
1104 626 1179 671 ipse
1200 626 1371 660 familiam
1388 638 1487 660 suam
1508 633 1544 660 et
1565 639 1645 660 suos
1659 640 1783 671 cogna-

113 697 302 736 torumque
328 690 494 736 parvulos
524 689 679 724 traduxit
705 690 750 724 ad
771 690 957 723 castellum
986 688 1243 723 Omm-Lailam
1260 687 1294 726 b,
1320 685 1427 733 quod.
1443 687 1697 722 aedificaverat
1712 689 1785 733 ipse

116 757 154 785 et
174 751 276 785 valde
293 752 496 786 muniverat
524 757 604 796 post
627 751 765 784 obitum
794 750 1022 785 Mothahheri
1051 749 1073 782 f.
1104 749 1230 782 Imami
1253 748 1524 782 Scharaseddini
1550 761 1592 783 eo
1619 750 1784 787 consilio,

115 818 158 846 ut
174 813 202 846 si
218 813 362 858 quando
379 813 611 858 repelleretur
631 824 671 845 ex
703 812 791 846 urbe
819 811 950 850 Saada,
977 810 1126 843 haberet
1151 809 1330 853 refugium
1356 809 1401 842 ad
1429 809 1526 854 quod
1545 822 1581 843 se
1599 811 1785 855 reciperet.

116 874 362 920 Propinquum
385 879 504 907 autem
531 878 608 906 erat
636 873 725 906 illud
753 872 937 906 castellum
966 871 1130 904 tribubus
1161 869 1361 903 fortissimis
1388 870 1567 915 Haradjae
1585 876 1599 894 ‘2
1627 878 1663 905 et
1691 872 1786 911 aliis,

118 946 209 980 quae
228 934 272 968 ad
289 934 403 968 tribus
423 933 653 968 Schamenses
671 934 685 956 ‘³
705 933 906 978 pertinent,
932 932 1148 977 quibuscum
1167 931 1310 963 foedere
1331 936 1406 963 erat
1421 931 1570 974 junctus
1589 933 1769 968 Ahmedes
1781 961 1788 972 ,

117 995 173 1028 uti
196 1001 279 1029 ante
299 995 415 1041 ipsum
435 995 564 1041 reliqui
581 994 759 1040 principes
779 993 1028 1037 Moajjeditae,
1063 1002 1285 1037 quarumque
1305 990 1499 1025 amicitiam
1526 997 1562 1025 et
1581 993 1789 1028 societatem

118 1068 257 1102 semper
277 1056 413 1091 sineere
431 1057 598 1090 coluerat.

165 1118 359 1153 Recensuit
377 1117 462 1151 dein
482 1115 664 1151 Alnnedes
681 1116 813 1150 milites
832 1127 913 1150 suos
930 1115 1157 1162 militumque
1184 1115 1403 1162 praefectos,
1429 1114 1523 1149 inter
1545 1126 1634 1160 quos
1657 1116 1790 1149 emine—

118 1179 205 1212 bant
231 1177 296 1212 filii
317 1179 395 1224 ejus
414 1177 563 1213 Selahus
581 1184 594 1202 e
627 1184 664 1212 et
684 1178 964 1217 Mohammedes,
994 1184 1030 1212 et
1059 1183 1207 1224 patruus
1236 1177 1315 1222 ejus
1343 1175 1507 1210 Mahdius
1536 1176 1558 1209 f.
1585 1176 1789 1210 Izzcddini:

118 1244 194 1272 erat
212 1244 332 1273 autem
352 1240 430 1285 ejus
450 1240 650 1285 equitatus,
677 1241 891 1285 compositus
918 1240 1050 1285 partim
1073 1252 1115 1273 ex
1143 1240 1222 1284 ejus
1250 1237 1360 1272 servis
1388 1242 1425 1270 et
1453 1237 1684 1282 sequacibus,
1710 1250 1789 1283 par-

115 1300 181 1334 tim
198 1312 240 1334 ex
259 1300 440 1335 nobilibus
459 1301 544 1335 viris
563 1312 582 1334 e
601 1300 709 1346 Djofa
733 1307 770 1335 et
799 1301 966 1340 Schamo,
993 1301 1271 1346 quingentorum
1297 1297 1482 1331 hominum
1504 1298 1560 1332 vel
1580 1303 1616 1330 et
1634 1298 1789 1342 plurium

117 1361 312 1396 seeundum
328 1363 414 1397 alios
433 1368 561 1397 testes:
589 1362 811 1408 sclopetariis
839 1362 1013 1395 militibus
1043 1361 1213 1394 utebatur
1242 1359 1338 1393 mille
1358 1364 1395 1391 ct
1419 1357 1515 1404 quod
1535 1359 1706 1392 excurrit:
1734 1372 1790 1393 re-

114 1423 294 1468 liquorum
311 1424 466 1458 militum
482 1430 558 1458 crat
576 1424 701 1468 ingens
720 1435 889 1457 numerus
915 1422 1090 1456 nobilium
1110 1421 1267 1454 virorum
1287 1426 1323 1454 et
1346 1419 1567 1466 ignobilium.
1618 1421 1682 1454 His
1704 1427 1790 1455 tunc

120 1490 347 1517 accesserunt
365 1484 474 1516 etiam
491 1485 595 1517 multi
612 1484 744 1517 milites
765 1496 805 1517 ex
824 1482 1136 1517 Khaulanensibus
1162 1487 1198 1515 et
1218 1481 1295 1514 aliis
1316 1482 1457 1515 illorum
1477 1486 1657 1515 tractuum
1678 1482 1788 1516 tribu-

119 1544 201 1582 bus,
221 1543 438 1589 quibuscum
460 1543 572 1577 amice
593 1554 696 1587 agerc
719 1550 968 1582 consueverat,
995 1544 1113 1577 allecti
1131 1543 1260 1587 partim
1277 1542 1430 1586 praedae
1448 1554 1509 1587 spe
1529 1548 1565 1575 ct
1591 1543 1684 1577 illius
1702 1544 1791 1577 libe-

119 1603 268 1637 ralitatis
280 1602 386 1641 sama,
412 1603 544 1648 partim
563 1602 704 1634 incitati
723 1602 863 1646 imperii
883 1602 1080 1636 Otsmanici
1093 1601 1174 1634 odio
1194 1607 1230 1634 et
1249 1602 1426 1634 libertatis
1444 1601 1696 1646 religionisque
1718 1607 1790 1635 stu-

122 1662 181 1697 dio
204 1667 241 1695 et
262 1672 390 1695 amore.
446 1661 563 1706 Hujus
583 1662 760 1696 exercitus
780 1661 1063 1707 magnitudinem
1083 1666 1119 1694 et
1144 1660 1325 1705 egregimn
1345 1659 1510 1693 habitum
1530 1665 1571 1694 ut
1592 1660 1791 1706 inspexerat

119 1721 317 1759 Alunedes‚
342 1721 484 1766 putavit
507 1734 542 1756 se
572 1722 647 1756 sine
675 1721 786 1756 dubio
804 1722 1072 1769 ‘impediturum
1102 1721 1298 1754 exercitum
1318 1721 1560 1760 Sultanicum,
1586 1723 1794 1768 quominus

119 1783 164 1816 ad
184 1781 310 1816 urbem
331 1782 480 1816 Saadam
499 1783 704 1817 accederet:
730 1783 859 1829 quodsi
879 1783 969 1817 adeo
991 1788 1203 1827 cogerentur
1224 1782 1357 1816 IIasani
1387 1782 1546 1817 Paschae
1567 1784 1689 1829 copiae
1711 1785 1792 1818 sub-

122 1844 245 1878 sistere
272 1849 381 1889 atquc
411 1843 597 1878 obsidione
625 1844 796 1878 diuturna
825 1845 1032 1890 impugnare
1058 1843 1188 1877 stativa
1208 1855 1272 1876 sua
1293 1849 1426 1883 castra,
1453 1845 1610 1890 speravit
1630 1845 1723 1885 fore,
1751 1853 1792 1880 ut

122 1906 340 1952 reliquarum
366 1905 461 1939 illius
491 1905 645 1951 regionis
676 1906 834 1939 tribuum
860 1904 997 1939 Arabes
1018 1916 1037 1938 a
1058 1910 1157 1950 tergo
1186 1904 1263 1938 illas
1287 1904 1513 1940 adorirentur
1539 1911 1575 1940 et
1595 1913 1793 1943 commeatu

125 1967 219 2001 omni
249 1979 307 2000 eas
327 1965 627 2005 intercluderent,
652 1977 769 2012 neque
801 1966 930 2000 auxilia
960 1966 1005 1999 ad
1033 1977 1091 1999 eas
1123 1965 1294 1999 accedere
1320 1972 1549 2011 paterentur3
1576 1968 1627 2001 ita
1647 1970 1792 2014 quidem

127 2028 218 2062 l'ame
239 2034 275 2061 et
294 2027 436 2061 miseria
456 2026 576 2060 hostes
606 2027 756 2072 opprimi
785 2039 887 2072 posse
917 2027 1146 2072 exspectavit.
1197 2026 1316 2072 Longe
1348 2032 1468 2062 tamen
1492 2029 1595 2062 aliter
1615 2034 1650 2062 et
1671 2035 1793 2062 contra

128 2089 206 2132 ejus
230 2099 327 2133 spem
355 2098 411 2120 res
440 2086 562 2120 evenit
590 2098 725 2134 perque
755 2088 879 2123 Sinani
906 2088 1133 2133 prudentiam
1158 2093 1196 2121 et
1226 2099 1371 2123 suorum
1396 2089 1648 2134 negligentiam
1668 2101 1793 2123 securo

128 2149 282 2196 principi
312 2147 461 2182 exitium
489 2153 542 2182 est
572 2153 744 2194 paratum.
795 2148 980 2184 Exercitus
1009 2148 1105 2184 enim
1133 2149 1354 2190 Sultanicus,
1379 2150 1523 2194 regione
1552 2148 1636 2194 Ajal
1655 2150 1796 2185 Soraihi

1745 2223 1798 2246 re-

189 2313 357 2384 »ῥίψῃ
494 2324 510 2348 ιι
527 2324 604 2375 &kt-³
627 2326 666 2376 Γς.
804 2331 818 2351 e
835 2324 966 2375 »ἕω
996 2311 1095 2368 iaus.
1238 2324 1255 2350 d
1272 2324 1359 2377 ,ως
1387 2310 1487 2369 [ires.
1622 2326 1747 2382 egum.
