2055 2865
800 152 1088 189 *93*-

108 249 176 282 rati
196 253 310 282 erant:
337 246 549 281 interfectus
568 248 663 281 enim
684 254 760 281 erat
780 248 1096 282 Abdarrahmanus
1117 254 1229 281 noctu
1260 260 1280 281 a
1301 260 1402 282 servo
1425 249 1462 282 in
1489 250 1602 288 lecto,
1629 262 1669 284 ex
1691 262 1789 284 mau-

109 310 192 342 dato
213 314 275 341 aut
293 307 358 340 filii
377 307 649 347 Abdarrahimi,
676 314 739 342 aut
758 307 983 354 quorundam
1004 320 1046 341 ex
1066 309 1145 353 ejus
1172 309 1295 350 sociis;
1323 310 1367 342 de
1395 322 1436 343 co
1466 310 1558 344 enim
1580 310 1785 344 dubitatur:

109 370 186 414 ejus
208 375 329 402 tamen
344 368 438 402 filius
457 369 490 402 ei
511 370 706 403 succedens
728 381 809 402 cum
828 369 978 413 imperio
996 370 1106 413 patris
1132 375 1169 402 et
1188 370 1265 414 ejus
1296 370 1471 415 dignitate
1491 377 1678 416 paternum
1697 384 1789 417 quo-

104 441 173 474 que
196 435 232 463 et
249 430 385 463 avitum
404 430 668 464 Dhafirensium
686 429 808 463 odium
827 428 1051 462 haereditate
1063 435 1261 474 acceperat.
1287 430 1365 464 Non
1385 444 1469 465 vero
1491 432 1785 465 attenderuntilli

106 491 149 524 ad
161 491 311 535 pristina
330 490 545 529 infortunia,
571 491 701 537 quibus
713 489 870 524 Paschae
890 495 1047 535 potestas
1065 490 1158 534 ipsos
1169 490 1402 529 liberaverat,
1429 504 1547 538 neque
1567 494 1611 526 ad
1624 493 1786 526 futurum

107 557 145 585 et
157 552 234 596 jam
262 551 448 585 imminens
476 552 633 585 exitium.
684 551 798 585 Unice
820 551 864 584 ad
890 551 1050 585 Paschae
1079 550 1268 596 perfidiam
1296 557 1332 583 et
1360 551 1434 584 Alii
1463 553 1591 597 Jahjae
1616 555 1783 599 injuriam

103 624 260 646 animum
281 612 508 645 advertentes
529 612 678 657 imperio
697 612 946 657 potentissimo
976 612 1182 646 Otsmanico
1202 623 1277 645 sese
1298 620 1542 657 opposuerunt
1563 621 1600 647 et
1621 616 1724 648 simul
1745 628 1786 648 ac

104 673 227 708 Tsolae
249 671 420 717 Princeps
440 671 485 705 ad
507 684 566 706 eos
585 673 812 718 confugerat,
839 674 876 707 in
898 674 1025 707 I'mami
1045 674 1177 707 Hasani
1198 673 1414 706 transierunt
1434 680 1552 718 partes
1573 680 1609 707 et
1635 687 1786 720 agnove-

100 739 183 767 runt
194 731 303 777 hujus
321 732 553 777 dignitatem3
575 734 784 767 concionem
801 740 837 768 et
855 747 978 780 preces
998 734 1160 780 publicas
1182 734 1260 779 ejus
1280 739 1491 778 peragentes
1510 735 1664 768 nomine.
1717 736 1786 769 Eo-

102 806 180 828 rum
199 794 363 828 nonnulli
380 794 499 828 statim
516 795 671 840 profecti
691 801 775 828 sunt
793 795 837 828 ad
857 796 1031 829 Imamum
1054 801 1091 828 et
1109 795 1155 828 ab
1174 795 1234 828 illo
1255 794 1425 828 auxilium
1443 795 1666 840 petiverunt,
1687 797 1784 841 quod

101 868 181 890 mox
207 856 251 890 iis
281 862 336 889 est
364 868 590 889 concessum:
625 856 751 889 missus
782 856 877 889 enim
905 863 958 890 est
986 857 1031 890 ad
1069 855 1255 889 Dhafirum
1284 855 1535 889 Emireddinus
1567 868 1648 889 cum
1676 868 1785 901 parva

99 918 254 952 militum
274 928 401 955 manu,
427 929 535 962 quem
562 917 762 962 principem
792 924 897 951 antea
922 917 968 951 ad
990 919 1201 951 Meswarum
1230 917 1412 950 dimiserat
1432 917 1598 950 Imamus.
1649 917 1787 950 Audita

100 985 177 1012 tuin
197 977 437 1013 Gautseddini
457 989 477 1010 a
498 977 635 1011 Pascha
654 978 878 1016 desectione,
914 978 959 1010 ab
990 979 1051 1011 illo
1079 977 1188 1010 etiam
1204 977 1367 1021 principe
1398 977 1625 1011 Dhafirenses
1646 979 1786 1024 quaesi-

100 1046 230 1074 verunt
249 1039 447 1073 subsidium
466 1044 503 1072 et
521 1045 736 1083 acceperunt
755 1038 939 1072 cohortem
957 1050 998 1071 ex
1019 1038 1097 1082 ejus
1115 1037 1276 1069 exercitu
1291 1037 1430 1069 lectam.

148 1100 288 1135 Pascha
308 1106 428 1133 autem
444 1105 485 1133 ut
505 1099 644 1144 accepit
664 1099 833 1132 nuntium
857 1099 1061 1132 rebellionis
1085 1097 1342 1136 Gautseddini,
1374 1098 1490 1131 noluit
1510 1111 1592 1132 cum
1609 1112 1650 1132 eo
1681 1112 1783 1145 agere

103 1162 148 1195 de
169 1173 257 1207 pace
276 1167 312 1194 et
330 1173 375 1193 ne
397 1160 583 1205 inquisivit
602 1159 747 1205 quidem
767 1160 804 1193 in
825 1171 947 1193 causas
964 1158 1089 1193 violati
1110 1158 1155 1191 ab
1174 1170 1216 1191 eo
1234 1158 1397 1192 foederis.
1449 1160 1520 1193 Sed
1539 1161 1635 1194 misit
1664 1163 1783 1195 statim

101 1223 268 1256 adversus
288 1222 387 1254 illum
405 1232 530 1265 agmen
549 1233 590 1254 ex
611 1221 771 1254 exercitu
799 1220 984 1254 Sultanico
1005 1221 1140 1253 lectum
1168 1225 1205 1252 et
1232 1219 1338 1253 rebus
1367 1219 1506 1253 bellicis
1531 1222 1614 1254 satis
1634 1222 1785 1255 instruc-

100 1289 194 1321 tum,
220 1281 372 1315 ducibus
391 1281 589 1316 Piidhwano
608 1288 645 1315 et
665 1282 743 1327 Aga
763 1282 892 1315 Selaho
913 1282 934 1314 f.
957 1281 1088 1315 Salimi.
1141 1280 1320 1314 Modicum
1339 1280 1437 1313 illum
1458 1282 1652 1314 exercitum
1665 1308 1672 1320 ,
1700 1285 1784 1328 quia

99 1345 138 1377 in
167 1348 291 1388 aperto
319 1354 441 1388 campo
467 1343 643 1377 instructa
672 1344 748 1376 acie
777 1343 947 1376 dimicare
980 1354 1052 1375 non
1080 1341 1238 1384 valebat,
1265 1341 1439 1386 disposuit
1468 1341 1505 1374 in
1531 1343 1661 1386 oppido
1682 1344 1786 1377 Beni-

99 1403 262 1442 Kothail‚
283 1404 381 1448 quod
401 1404 446 1437 ad
475 1416 597 1450 agrum
616 1405 810 1438 Modanum
836 1404 1012 1448 pertinet,
1040 1409 1080 1436 ut
1107 1403 1190 1436 inde
1220 1414 1340 1436 omnes
1367 1401 1606 1437 Gautseddini
1627 1405 1784 1439 actiones

97 1465 350 1510 specularetur(
363 1470 399 1497 et
418 1465 496 1508 ejus
517 1463 758 1498 moliminibus
778 1464 997 1509 invigilando
1018 1476 1101 1498 eum
1130 1464 1339 1508 impediret,
1371 1476 1443 1508 quo
1469 1464 1585 1497 minus
1613 1465 1784 1499 finitimos

99 1524 279 1570 principes
304 1523 462 1556 Paschae
484 1524 598 1557 socios
614 1524 774 1558 laederet
794 1531 856 1558 aut
877 1525 1110 1570 impugnaret.
1163 1524 1296 1558 Eadem
1321 1524 1366 1557 de
1393 1536 1497 1557 causa
1524 1525 1662 1559 litteras
1682 1527 1784 1559 <leniit

99 1585 236 1621 Pascha
256 1585 301 1618 ad
318 1585 499 1618 Has-anum
518 1584 540 1617 s.
564 1585 689 1617 Imami
711 1585 1000 1623 Scharafeddini,
1021 1585 1219 1630 principem
1241 1585 1376 1618 castelli
1405 1585 1784 1629 Cahlani-Taadjeddi-

99 1647 153 1684 ni,
181 1644 358 1678 confinem
377 1644 634 1683 Gautscddini,
663 1650 770 1690 atque
790 1646 822 1678 ei
839 1645 1040 1690 praecepit,
1068 1650 1109 1677 ut
1130 1645 1253 1678 sedulo
1274 1645 1456 1688 vigilando
1474 1645 1622 1678 ditionis
1643 1659 1726 1679 su‘ie
1750 1649 1788 1680 ii*

98 1718 161 1740 nes
178 1705 388 1739 defenderet
410 1711 446 1738 ct
462 1710 649 1749 praeterea
668 1717 775 1750 quam
795 1705 965 1750 plurimos
986 1705 1157 1738 scriberet
1174 1704 1323 1743 milites,
1350 1717 1503 1750 quorum
1524 1718 1629 1751 opera
1652 1708 1785 1741 Pascha

100 1779 196 1801 nunc
226 1772 406 1806 uteretur,
443 1767 473 1800 si
501 1766 769 1801 Gautseddinus
797 1767 993 1812 quidquam
1022 1765 1225 1802 moliretur,
1253 1765 1295 1797 ad
1328 1766 1426 1799 iilum
1457 1767 1716 1811 repellendum,
1750 1778 1785 1803 ct

99 1840 187 1874 quos
208 1828 375 1873 deinceps
395 1828 567 1861 exercitui
588 1828 770 1862 Sultanico
791 1827 974 1865 validiori,
1002 1838 1110 1872 quem
1133 1827 1303 1859 missurus
1325 1832 1400 1859 crat
1420 1852 1427 1865 ,
1457 1833 1629 1873 tanquam
1656 1831 1786 1864 auxilia

100 1895 220 1935 posset
246 1889 450 1934 adjungere.

147 1951 183 1984 Is
201 1963 312 1996 quum
330 1956 423 1984 essct
443 1950 610 1984 Jemanae
627 1957 739 1984 status
758 1949 967 1995 etpluribus
986 1949 1073 1983 locis
1086 1949 1262 1982 exercitus
1283 1954 1418 1983 starent
1432 1950 1498 1983 sihi
1512 1951 1665 1987 invicem
1680 1966 1784 1999 oppo-

100 2011 176 2049 siti,
197 2023 409 2056 magnopere
429 2023 492 2055 per
514 2011 652 2044 Sultani
670 2011 884 2055 legationem
905 2010 1062 2044 Paschae
1084 2010 1237 2043 increvit
1258 2011 1451 2045 auctoritas
1473 2019 1509 2046 et
1529 2014 1701 2057 dignitas,
1732 2022 1782 2046 at-

104 2082 173 2116 que
196 2071 268 2104 suis
285 2072 398 2115 major
419 2070 586 2108 audacia,
615 2071 824 2105 adversariis
839 2078 954 2105 metus
973 2077 1027 2104 est
1046 2071 1201 2104 obortus.
1252 2071 1348 2105 Misit
1373 2073 1467 2105 enim
1485 2075 1653 2107 Sultanus
1672 2074 1795 2118 Agaiu

100 2131 297 2166 Hoseinum
309 2131 352 2164 ad
372 2131 642 2164 Pascliam·cu1n
663 2133 812 2182 epistola
828 2132 1028 2166 laudatoria
1040 2137 1077 2165 et
1095 2131 1303 2166 muneribus
1324 2133 1459 2166 eximiis
1479 2139 1515 2166 et
1535 2145 1599 2177 per
1619 2133 1714 2166 hunc
1731 2134 1782 2167 lc—

101 2199 221 2237 gatum
243 2192 346 2226 simul
357 2191 391 2224 ei
411 2191 537 2225 tribuit
557 2192 769 2237 dignitatem
789 2199 824 2226 et
844 2205 972 2227 munus
984 2193 1100 2228 Vesiri
1112 2193 1306 2234 Sultanici3
1333 2193 1383 2225 ita
1405 2199 1522 2225 tamen
1538 2198 1578 2226 ut
1600 2193 1782 2227 coufirma-

100 2260 199 2289 retur
229 2254 348 2288 denuo
375 2253 413 2286 in
440 2253 665 2298 praefectura
693 2255 870 2289 Jemanac.
922 2255 988 2289 Die
1018 2260 1139 2289 autem
1167 2254 1315 2300 septimo
1346 2252 1458 2288 Safari
1491 2253 1541 2296 (a.
1572 2253 1605 2288 d.
1637 2254 1779 2300 29-Jan.

1671 2314 1761 2351 1585
1771 2318 1783 2361 J
