2055 2865
831 237 1116 275 -39-...

123 341 267 387 copiam
288 337 489 373 conservari
520 337 612 371 sama
639 334 795 374 serebat,
822 334 936 380 sigillo
962 334 1120 368 Paschae
1152 347 1228 369 esse
1257 337 1413 377 munita,
1451 338 1501 372 ita
1526 344 1567 373 ut
1597 340 1745 376 introire
1772 355 1815 377 ea

128 403 196 448 ipsi
224 401 322 435 haud
346 400 483 433 liceret.
533 398 682 432 Fecerat
706 396 746 430 id
774 395 854 440 Aga
874 393 1025 428 Selahus
1050 395 1072 428 f.
1104 396 1245 435 Salimi,
1281 405 1474 445 antequam
1498 401 1711 437 Meswarum
1732 416 1812 438 cum

128 461 239 507 copiis
277 459 469 494 Sultanicis
489 485 496 498 ,
532 457 663 504 quibus
692 459 856 500 praeerat
875 479 883 492 ,
919 454 1092 499 reliquit:
1135 456 1199 500 qui
1234 463 1271 490 et
1297 458 1504 505 priusquam
1538 474 1580 495 ea
1611 463 1813 509 obsignaret

132 520 334 554 clanculum
375 519 488 552 multa
525 519 762 552 instrumenta
790 514 920 548 bellica
949 521 986 548 et
1015 515 1250 560 multiplicem
1281 525 1489 562 apparatum
1519 534 1559 555 ex
1592 522 1635 556 iis
1671 525 1816 560 diceba-

128 586 186 614 tur
202 580 399 613 abstulisse.
450 579 652 613 Convocato
669 590 751 622 ergo
770 576 974 623 principum
994 575 1144 608 concilio
1166 576 1209 608 de
1230 587 1271 609 ea
1290 587 1327 609 re
1347 589 1428 610 culn
1448 579 1490 613 iis
1511 584 1583 627 egit
1604 586 1813 622 Schamsed-

125 641 229 674 dinus
259 645 295 672 et
320 639 429 683 jussit
457 645 642 673 auctorem
665 638 804 673 Codicis
826 637 956 675 nostri,
982 649 1090 682 quein
1117 637 1254 670 itineris
1281 637 1436 672 habebat
1465 643 1648 683 comitem,
1676 648 1812 683 litteras

123 711 334 745 componere
355 705 391 733 et
410 700 494 733 dare
515 700 560 733 ad
581 700 755 734 Pascham
784 699 894 743 hujus
919 699 1136 743 argumenti:
1163 699 1302 732 venisse
1330 699 1650 739 Schamseddinum
1669 707 1813 743 Meswa-

121 772 217 799 rum,
245 761 307 794 scd
321 773 385 806 per
406 761 520 807 sigilla
540 761 699 796 Paschae
719 759 900 805 impediri,
927 772 999 805 quo
1017 760 1133 793 minus
1153 760 1286 798 omnia,
1312 772 1404 805 quae
1434 762 1472 795 in
1494 763 1630 800 horreis
1659 770 1737 814 ejus
1759 783 1814 805 ca-

121 821 216 855 stelli
238 822 534 861 inveniebantur,
555 822 768 867 inspiceret3
797 832 896 854 orare
915 833 997 866 ergo
1017 832 1099 853 eum
1118 826 1159 853 ut
1179 821 1375 866 principem
1395 835 1502 867 quem
1524 827 1632 861 vellet
1649 831 1811 867 mitteret

120 882 257 916 Pascha
272 883 334 927 qui
355 883 469 927 sigilla
489 895 531 915 ex
552 883 664 928 ipsius
682 882 896 916 auctoritate
916 887 1098 926 rumperet
1119 881 1318 928 horreaque
1342 885 1506 928 aperiret.
1533 887 1611 922 Non
1629 890 1810 928 dubitavit

120 949 240 976 autem
261 943 581 982 Schamseddinus,
608 944 698 990 quin
718 943 793 977 Alii
822 943 949 988 Jahjae
978 942 1072 976 bona
1098 943 1234 981 omnia,
1261 955 1352 988 quae
1385 945 1547 981 Meswari
1579 959 1696 991 erant,
1726 966 1807 989 cum

119 1005 194 1049 ipso
217 1004 362 1037 castello
384 1005 422 1037 in
438 1016 536 1038 suam
558 1005 740 1038 venissent
758 1008 975 1048 potestatem
993 1009 1029 1035 et
1052 1002 1118 1047 sihi
1143 1003 1217 1046 jam
1251 1004 1495 1046 traderentur,
1523 1011 1585 1043 sed
1603 1012 1705 1058 longe
1725 1028 1807 1050 eum

118 1077 197 1110 spes
217 1077 279 1098 sua
298 1065 435 1099 fefellit.
487 1065 584 1098 Misit
609 1065 704 1098 enim
731 1064 816 1097 illuc
850 1063 988 1097 Pascha
1007 1063 1203 1097 Hoscinum
1237 1065 1501 1109 Djaouschum,
1536 1072 1599 1114 qui
1627 1077 1743 1109 onmia
1766 1090 1807 1111 ea

122 1126 216 1159 bona
242 1127 418 1172 reciperet
446 1131 483 1159 et
508 1126 658 1159 Sanaam
687 1125 868 1160 transferri
896 1130 1046 1157 curaret.
1097 1124 1252 1170 Aperuit
1280 1138 1363 1171 ergo
1393 1127 1452 1162 ille
1476 1128 1603 1164 horrea
1630 1136 1747 1169 omnia
1768 1145 1806 1171 et

117 1199 209 1233 quae
228 1188 328 1221 iniis
356 1187 633 1222 inveniebantur
663 1194 829 1222 accurate
858 1188 933 1233 ipse
959 1186 1145 1220 adnotavit
1173 1186 1210 1219 in
1229 1186 1319 1219 libro
1351 1188 1562 1230 rationario,
1598 1206 1705 1239 quem
1735 1204 1804 1231 sta-

117 1248 181 1281 tim
219 1249 263 1281 ad
299 1248 473 1282 Pascham
511 1249 636 1288 misit,
673 1255 710 1282 et
749 1250 898 1284 Sanaam
933 1248 1052 1282 omnia
1094 1248 1367 1293 transportanda
1407 1252 1545 1285 curavit
1579 1265 1659 1287 cum
1703 1260 1801 1301 gravi

112 1309 382 1343 Schamseddini
409 1310 547 1349 taedio,
573 1311 638 1356 qui
665 1322 768 1356 aegre
793 1310 983 1344 admodum
1011 1309 1099 1342 illud
1128 1309 1224 1348 tulit,
1252 1315 1409 1343 attamen
1439 1312 1509 1346 imo
1537 1320 1681 1358 pectore
1711 1318 1798 1353 iram

111 1370 266 1404 reclusit.
1576 1412 1579 1415 s

158 1432 324 1478 Dumque
351 1434 515 1468 Meswari
545 1434 829 1468 commorabatur
861 1434 1161 1468 Sehamseddinus
1201 1434 1397 1479 complures
1425 1436 1527 1471 dedit
1558 1439 1723 1484 epistolas
1750 1445 1796 1477 ad

111 1492 233 1526 Alium
250 1493 409 1537 Jahjam‚
436 1500 477 1527 ut
499 1506 581 1528 eum
598 1507 618 1528 a
638 1495 831 1528 rebellione
853 1501 890 1529 et
910 1495 1049 1540 imperii
1076 1495 1274 1529 Otsmanici
1304 1498 1568 1541 oppugnatione
1598 1510 1793 1537 revocaret.

112 1552 255 1586 Iteratis
275 1565 357 1598 ergo
372 1553 510 1588 vicibus
531 1556 564 1588 ei
580 1556 785 1600 proposuit,
805 1568 913 1601 quam
934 1557 1101 1590 salutaria
1122 1562 1159 1589 et
1177 1569 1260 1590 vero
1276 1558 1476 1591 necessaria
1496 1559 1580 1603 ipsi,
1602 1573 1666 1606 per
1682 1565 1795 1598 multa

110 1613 308 1647 infortunia
335 1614 544 1654 debilitato,
575 1622 669 1649 esset
687 1616 945 1660 redintegratio
968 1617 1149 1649 societatis
1179 1622 1215 1649 et
1242 1616 1421 1650 amicitiae
1451 1619 1584 1652 Ilasani
1615 1622 1793 1668 Paschae;

107 1687 191 1708 eum
209 1675 258 1708 sic
278 1680 417 1708 tantum
437 1688 540 1721 posse
564 1676 720 1710 retinere
748 1676 923 1710 ditionem
949 1677 1082 1710 avitam
1108 1682 1144 1710 ct
1165 1688 1185 1709 a
1213 1676 1297 1709 belli
1328 1679 1504 1713 aerumnis
1524 1686 1560 1714 et
1585 1682 1790 1720 adflictione

94 1736 339 1770 ⁴liberaturum
358 1736 528 1770 familiam
547 1744 584 1771 et
599 1737 730 1771 liberos
749 1738 972 1783 amicosque3
1000 1737 1130 1771 frustra
1150 1749 1232 1771 eum
1257 1737 1370 1772 obniti
1390 1746 1426 1773 et
1445 1741 1609 1777 resistere
1630 1756 1793 1781 numero-

108 1797 251 1831 sissimis
280 1803 316 1831 et
350 1798 549 1832 fortissimis
578 1799 735 1832 Paschae
768 1800 897 1845 copiis,
933 1811 1052 1846 neque
1091 1800 1188 1832 aliud
1218 1800 1415 1844 praemium
1445 1802 1522 1847 ejus
1551 1806 1789 1849 pervicaciam

106 1859 276 1897 laturam,
302 1860 390 1898 nisi,
416 1867 496 1906 post
515 1860 673 1894 omnium
699 1860 874 1894 bonorum
900 1861 1143 1898 amissionem,
1170 1861 1318 1894 exitium
1337 1863 1599 1908 gravissimum5
1627 1868 1790 1904 obediret

96 1931 187 1964 -ergo
210 1921 357 1955 Stultano
378 1927 416 1955 et
438 1922 570 1955 tradito
592 1922 717 1955 Tsolae
739 1922 884 1954 castello
911 1921 1120 1967 confugeret
1148 1922 1193 1954 ad
1221 1923 1379 1957 Paschae
1410 1924 1696 1962 benevolentiam
1718 1944 1788 1964 om-

95 1980 209 2014 nibus
234 1982 472 2023 notissimam3
509 1994 584 2015 sese
614 1982 861 2016 lubentissime
887 1982 954 2028 ipsi
982 1982 1165 2016 fauturum
1194 1984 1230 2017 in
1260 1980 1520 2021 constituendis
1547 1990 1643 2034 pacis
1669 1993 1788 2025 condi-

109 2041 265 2075 tionibus
291 2048 327 2075 et
352 2054 398 2075 ne
420 2042 615 2087 iniquiores
640 2042 811 2076 darentur
839 2041 1031 2077 enisurum.
1083 2044 1127 2077 In
1145 2057 1251 2090 quam
1278 2049 1627 2094 sententianrquum
1648 2045 1787 2097 saepius

94 2101 402 2135 -Schamseddinus
422 2108 458 2135 et
479 2103 609 2136 deinde
627 2115 772 2149 quoque
795 2104 897 2138 Alius
918 2105 939 2138 f.
953 2104 1144 2144 Ahmedis‚
1174 2109 1354 2152 quondam
1377 2110 1450 2143 Alii
1469 2110 1594 2154 Jahjae
1618 2111 1761 2147 Vesirus
1775 2141 1782 2152 ,

102 2162 340 2206 scripsissent,
367 2163 512 2209 utrique
534 2165 718 2208 respondit
736 2165 795 2198 ille
816 2166 926 2199 dubia
956 2172 1064 2212 atque
1096 2168 1261 2214 ambigua
1289 2170 1427 2203 ratione
1454 2182 1571 2215 neque
1592 2166 1782 2208 annuendo

99 2234 215 2268 neque
246 2222 454 2262 abnuendo,
491 2229 532 2257 ut
556 2224 593 2258 in
617 2231 744 2269 aperto
784 2231 882 2266 esset«
900 2227 1000 2263 illum
1029 2217 1385 2281 procrastinationem
1403 2231 1597 2265 intendere
1622 2233 1778 2281 'sixsorte

100 2289 238 2328 tempus
259 2284 408 2317 salutem
438 2284 590 2318 afferret.
644 2286 835 2320 Desierunt
866 2299 948 2332 ergo
979 2289 1167 2323 scribendo
1189 2291 1270 2334 ejus
1287 2302 1468 2336 quaerere
1497 2292 1717 2340 deditionem
1743 2303 1779 2330 et

99 2344 368 2378 submissionem
398 2351 434 2379 et
463 2358 544 2379 eum
574 2346 739 2382 fortunae
769 2360 852 2382 suae
883 2348 1115 2394 reliquerunt.
1151 2341 1459 2386 ‘Post'duodecim
1480 2342 1721 2390 vero'dieru'm
1740 2359 1777 2391 in

1060 2411 1093 2443 M
1690 2419 1777 2452 Mes„
