2055 2865
813 104 883 115 ὲ-
931 87 974 123 91
1027 104 1112 114 —f

108 186 285 230 plinarum
302 195 445 230 prorsus
464 189 565 217 erant
585 183 709 222 rudes,
736 184 834 218 victu
866 183 1061 217 utebantur
1089 190 1238 229 angusto
1268 192 1304 220 et
1333 189 1557 226 vestimentis
1588 193 1736 229 sordidis
1757 204 1793 231 et

108 247 199 280 male
220 244 624 291 olentibus,·religionis
643 245 799 291 denique
821 257 863 279 eo
883 256 997 289 usque
1026 245 1155 288 ignari,
1183 252 1224 280 ut
1252 248 1392 283 illorum
1418 252 1561 297 plurimi
1586 267 1652 289 nec
1679 259 1795 292 novis-

108 312 187 340 sent
205 306 421 352 precationis
444 305 648 345 formulam,
669 318 736 340 nee
759 307 986 351 jejunarent,
1013 317 1132 351 neque
1154 307 1394 355 eleemosynas
1413 313 1539 348 darent
1558 319 1786 362 pauperibus.

104 368 238 402 Eorum
273 373 310 401 et
339 366 577 401 Adzrensium
605 368 747 401 obsides
784 367 936 401 Sinanus
969 366 1066 399 misit
1103 367 1148 399 ad
1174 371 1358 404 castellum
1395 373 1593 418 Ajanumss.
1654 379 1791 414 Paucos

106 428 238 462 deinde
259 428 334 462 dies
362 429 470 462 etiam
492 434 727 462 commoratus
745 440 826 461 cum
844 427 1003 461 exercitu
1030 427 1214 461 Sultanieo
1236 431 1273 463 in
1294 432 1434 467 Karano
1462 436 1658 478 al-VVaffl-i,
1690 447 1730 474 ut
1750 454 1791 474 ea

103 490 254 524 maxime
294 490 528 524 communiret
559 495 672 522 castra
691 515 698 527 ,
732 489 888 522 tetendit
928 489 972 521 ad
1007 493 1165 521 montem
1195 490 1379 526 Ahnoumi
1417 502 1453 529 et
1481 500 1578 542 gravi
1606 503 1791 549 atrocique

103 551 239 596 proelio
261 563 341 584 cum
361 551 497 584 Imamo
526 550 668 583 Hasano
695 549 867 583 decrevit.
919 550 1022 583 Multi
1052 562 1093 583 ex
1119 556 1274 596 utroque
1294 556 1454 589 exercitu
1471 569 1513 591 eo
1534 560 1592 594 die
1614 565 1797 599 occubue.

103 618 203 650 runt,
238 617 279 644 ut
307 610 404 643 haud
432 609 535 643 facile
566 610 838 656 dignosceretur
865 617 946 644 utra
980 612 1073 644 acies
1103 611 1218 655 majus
1247 625 1348 658 passa
1375 616 1485 651 suerit
1514 620 1789 659 detrimentum:

101 677 229 706 neutra
241 671 428 705 victoriam
446 673 662 717 reportavit;
689 672 861 717 postridie
879 678 997 705 tamen
1009 672 1161 707 Sinanus
1177 681 1322 709 coactus
1341 682 1446 712 estre
1466 679 1600 715 infecta
1620 685 1736 719 redire
1747 688 1792 720 ad

102 739 214 767 castra
233 733 272 766 in
288 732 429 766 Karano
447 733 625 769 al-Waari
644 733 761 779 posita
779 739 815 766 et
836 745 855 766 a
873 733 1020 766 consilio
1042 746 1105 767 suo
1123 735 1304 769 desistere.
1350 738 1456 773 Haud
1478 740 1637 777 feliciore
1658 753 1790 780 eventu

100 806 185 828 usus
207 800 260 828 est
278 794 474 834 Lothsalla,
501 807 609 841 quem
635 795 804 828 adversus
835 795 1007 833 eundem,
1036 796 1161 829 eodem
1182 809 1254 842 quo
1283 798 1454 833 Sinanum
1485 808 1662 849 tempore,
1689 807 1792 841 dimi-

99 861 192 890 serat
218 856 379 888 Hasanus
399 855 546 888 Pascha.
600 855 821 901 Simulatque
842 856 902 890 ille
924 857 967 890 ad
987 856 1183 891 Cahlanum
1209 859 1414 894 al-Scharaf
1435 871 1597 903 venerat,
1626 867 1790 911 adjutore

97 927 184 949 usus
203 914 311 948 fratre
332 915 516 949 Hifdhalla
538 916 560 950 f.
576 916 822 955 Mothahhcri,
850 919 1041 964 collegerat
1058 919 1189 953 milites
1210 931 1318 965 quam
1336 922 1506 965 plurimos
1528 931 1564 958 et
1582 938 1790 972 progressus

98 983 175 1011 erat
202 977 246 1010 ad
268 977 428 1011 viculum
453 978 632 1024 quendam
660 979 737 1023 ejus
766 978 938 1022 regionis,
976 981 1080 1025 cujus
1107 980 1286 1013 insalubre
1315 987 1352 1014 et
1381 994 1487 1026 grave
1516 987 1655 1021 coelum
1683 992 1788 1036 vulgo

94 1045 172 1073 erat
191 1039 426 1073 notissimum.
477 1039 645 1073 Consedit
676 1039 726 1072 ibi
754 1045 873 1073 tamen
903 1040 1041 1085 aliquot
1070 1040 1146 1073 dies
1176 1053 1257 1074 cum
1281 1043 1460 1083 exercitu,
1493 1054 1699 1091 exspectans
1727 1053 1786 1085 ad-

94 1106 242 1134 ventum
270 1101 411 1139 Sinani,
447 1112 604 1146 quocum
632 1113 673 1134 ex
702 1100 862 1134 Paschae
891 1102 1060 1134 mandato
1097 1113 1173 1135 sese
1211 1102 1455 1148 conjungeret.
1513 1106 1601 1141 Cum
1624 1110 1785 1153 plurimis

92 1173 177 1196 vero
196 1161 370 1195 militibus
389 1161 456 1206 ipsi
475 1161 656 1206 principes
678 1161 856 1195 Lothsalla
873 1167 909 1195 ct
930 1162 1114 1196 Hifdhalla
1144 1163 1275 1197 morbis
1295 1171 1377 1198 sunt
1395 1168 1549 1212 correpti
1570 1169 1620 1203 ita
1648 1171 1686 1212 in
1706 1174 1782 1208 dies

65 1222 370 1270 ‚increscentibus
399 1227 459 1260 ut,
494 1234 566 1255 non
593 1229 799 1268 exspectato
827 1224 950 1257 Sinani
979 1224 1137 1258 adventu
1157 1251 1164 1263 ,
1204 1226 1320 1259 coacti
1350 1226 1484 1262 suerint
1513 1230 1558 1263 ad
1583 1231 1779 1268 Cahlanum

87 1284 202 1318 redire
214 1310 221 1323 ,
248 1283 311 1317 ubi
329 1283 483 1318 febrium
499 1283 730 1318 vehementia
748 1286 811 1318 diu
828 1286 999 1331 plurimos
1019 1286 1179 1320 retinuit.

131 1345 354 1380 Moharramo
374 1357 495 1379 mense
515 1345 624 1391 hujus
643 1347 727 1380 anni
746 1352 898 1380 exeunte
921 1346 1010 1389 (sub
1030 1347 1138 1380 finem
1166 1360 1211 1381 m.
1234 1348 1311 1382 Jan:
1341 1348 1456 1394 1585)
1477 1352 1607 1396 primos
1635 1354 1773 1392 fructus

84 1408 170 1441 tulit
187 1407 356 1452 perfidia,
383 1419 491 1452 quam
507 1407 661 1451 jubente
683 1408 849 1445 Sultano,
876 1408 1038 1441 Hasanus
1050 1408 1187 1442 Pascha
1208 1409 1246 1443 in
1257 1410 1380 1443 Alium
1392 1411 1534 1457 Jahjam
1553 1427 1770 1454 exercuerat.

83 1468 285 1502 Rebellavit
302 1468 397 1500 enim
417 1467 706 1506 Gautseddinus,
727 1469 790 1513 qui
819 1469 974 1513 pridem,
1002 1469 1204 1514 vigentibus
1235 1471 1353 1505 adhuc
1382 1473 1593 1510 adversariis
1612 1478 1770 1520 Sultaui,

84 1530 129 1563 ad
148 1528 321 1563 Pascham
342 1533 467 1572 sponte
485 1540 548 1561 sua
566 1529 769 1567 transierat,
796 1530 851 1562 uti
870 1529 908 1562 in
933 1531 1232 1574 praecedentibus
1261 1545 1280 1565 a
1306 1533 1408 1568 nobis
1437 1541 1491 1569 est
1517 1546 1769 1581 memoratum,

82 1592 218 1637 quique
245 1589 415 1632 deinceps
447 1594 652 1622 constanter
673 1590 834 1634 partibus
855 1591 932 1634 ejus
951 1590 1180 1630 adhaeserat,
1207 1605 1303 1626 nunc
1323 1606 1407 1627 vero
1439 1597 1618 1632 amicitiae
1638 1602 1770 1635 Hasani

80 1652 240 1686 Paschae
262 1656 299 1685 et
319 1649 458 1684 Sultani
477 1648 590 1682 favori
608 1649 741 1683 bellum
759 1650 861 1694 longe
889 1650 1070 1695 praetulit.
1121 1652 1218 1685 Ante
1243 1654 1375 1687 Hasani
1406 1655 1564 1691 Paschae
1588 1660 1625 1693 in
1652 1661 1770 1696 Jema-

80 1724 163 1746 uam
181 1713 376 1746 adventum
396 1709 542 1754 indigne
561 1709 752 1744 admodum
772 1716 810 1744 et
828 1712 961 1757 injuste
983 1723 1063 1745 cum
1080 1712 1139 1745 illo
1157 1720 1303 1758 egerant
1320 1715 1476 1750 Imamus
1492 1718 1655 1754 Hasanus
1674 1723 1770 1767 ejus-

81 1785 153 1819 que
181 1773 287 1815 socii3
322 1772 415 1805 bello
441 1784 524 1806 eum
550 1772 754 1817 petiverant
781 1785 822 1806 ex
849 1773 1041 1818 improviso
1066 1785 1139 1807 non
1164 1775 1321 1809 lacessiti
1347 1783 1384 1811 ct
1412 1779 1456 1811 ad
1484 1781 1632 1816 exitium
1659 1783 1768 1819 ferme

78 1846 162 1867 eum
191 1834 421 1880 redegerant,
447 1834 533 1867 licet
560 1833 703 1868 foedere
734 1846 815 1868 cum
843 1835 928 1880 ipsis
958 1840 1051 1868 esset
1073 1835 1233 1879 junctus.
1284 1838 1396 1876 Hinc,
1434 1841 1573 1876 etiamsi
1598 1844 1767 1891 deinceps

79 1906 203 1939 pacem
228 1901 264 1929 et
299 1895 425 1929 foedus
454 1895 548 1929 inter
583 1907 619 1929 se
645 1896 1004 1941 redintegravissent,
1040 1908 1112 1929 non
1139 1896 1334 1932 difficulter
1362 1902 1550 1937 transierat
1577 1917 1670 1939 anno
1694 1906 1766 1942 990

79 1954 218 1999 (1582)
247 1957 291 1990 ad
315 1962 434 2002 partes
462 1956 687 1990 Sultanieas:
723 1956 918 1990 accedebat
942 1957 1039 2002 quod
1068 1969 1132 2002 per
1159 1958 1317 1994 Paschae
1347 1964 1518 1998 continuo
1548 1973 1766 2001 crescentem

77 2016 276 2060 potentiam
301 2017 400 2051 haud
429 2017 631 2056 dubitaret,
657 2018 746 2064 quin
774 2018 852 2063 ejus
878 2018 1070 2052 adversarii
1104 2018 1197 2054 bello
1229 2023 1523 2068 opprimerentur.
1575 2027 1763 2062 Biennium

1712 2100 1764 2122 er-

110 2185 248 2241 ⁷²&ss-

1032 2255 1066 2289 Μ
1092 2255 1115 2290 2
