2055 2865
213 327 324 362 ‘Pauci
345 326 464 371 itaque
482 326 667 359 redierunt
688 337 769 360 cum
787 325 1034 361 Gautseddino
1053 340 1094 360 ex
1115 329 1208 362 omni
1228 330 1286 363 illo
1307 330 1464 375 agmine,
1490 335 1586 378 quod
1604 334 1757 369 Khidhri
1779 343 1892 370 castra

214 388 407 432 petiverat,
442 386 546 419 multi
576 397 846 432 quoquoversus
883 392 966 419 sunt
993 387 1143 433 dispersi
1163 415 1170 428 ,
1203 391 1347 436 plurimi
1377 391 1600 425 interierunt.
1658 395 1893 430 perrexerunt

217 448 348 482 deinde
369 447 587 482 Ridhwanus
603 453 639 481 et
659 447 737 492 Aga
757 446 905 481 Selahus
927 458 1008 481 cum
1037 450 1176 494 agmine
1207 463 1270 484 suo
1291 451 1336 485 ad
1355 451 1559 486 Khidhrum
1577 459 1613 487 et
1635 466 1716 489 cum
1734 457 1794 490 illo
1814 469 1894 491 con-

217 510 411 543 tenderunt
430 519 551 541 versus
572 508 699 541 vallem
717 507 919 543 Kothabam
935 515 967 549 ³,
994 512 1032 545 in
1057 525 1128 558 qua
1156 513 1253 547 horti
1281 517 1382 545 erant
1410 510 1666 552 Gautseddini,
1694 520 1730 548 et
1759 527 1896 549 omnem

216 569 315 601 illum
333 574 485 602 tractum
506 568 714 612 depopulati
733 570 918 603 redierunt
935 572 1086 617 quisque
1107 572 1151 605 ad
1172 578 1285 605 castra
1303 583 1374 605 sua.

269 629 423 661 Ineunte
440 629 509 662 hoc
528 640 649 662 mense
671 628 806 674 duplici
827 631 1053 674 expeditione
1073 632 1226 666 feliciter
1244 631 1434 665 admodum
1466 631 1634 666 militavit
1664 634 1815 668 Sin-anus
1835 635 1897 668 ad-

218 701 341 722 versus
360 689 534 722 Imamum
554 689 752 722 Hasanum:
781 694 817 721 et
836 689 989 732 primum
1007 691 1153 736 quidem
1173 691 1360 725 Abdallam
1379 692 1401 725 f.
1415 691 1641 726 Mothahheri
1661 706 1740 727 cum
1758 695 1898 728 delecta

220 762 326 782 manu
347 762 365 782 a
384 749 522 782 Karano
545 748 722 784 al-Waari
741 747 823 781 inde
840 749 936 782 misit
967 750 1010 782 ad
1032 750 1148 795 ipsum
1165 757 1322 784 montem
1342 750 1544 793 Ahnoumi3
1570 753 1632 797 qui
1652 765 1731 786 cum
1757 754 1900 787 incidis-

223 816 274 843 set
296 810 332 842 in
354 809 528 842 exercitus
557 809 682 841 Imami
703 815 858 853 partem,
887 809 1025 842 etiamsi
1053 809 1193 843 hostem
1214 810 1375 842 altiorem
1403 821 1578 855 occupare.
1605 812 1723 845 locum
1741 813 1898 851 videret,

220 876 430 902 nontamen
457 867 656 906 dubitavit,
692 868 846 902 militum
872 869 1006 902 virtute
1035 868 1165 908 fretus,
1192 870 1353 915 protinus
1379 880 1503 901 manus
1534 880 1728 904 conserere.
1779 873 1901 908 Brevis

223 929 291 960 fuit
312 928 370 960 illa
386 938 522 972 pugna,
549 939 660 972 quum
680 940 747 962 nec
772 930 972 963 Sultanieos
992 929 1124 962 milites
1153 931 1204 963 illi
1225 933 1489 974 exspectarent,
1516 941 1634 975 neque
1656 930 1732 964 illos
1754 943 1835 965 eum
1854 933 1903 965 lo-

225 999 305 1020 cum
327 987 558 1021 adscensuros
578 1000 652 1021 esse
672 989 922 1033 opinarentur:
950 991 1035 1025 hinc
1053 991 1097 1024 de
1119 991 1197 1024 loco
1224 1003 1287 1024 suo
1304 990 1487 1024 deturbati
1507 1001 1586 1023 mox
1610 990 1647 1024 in
1669 991 1787 1038 fugam
1804 993 1903 1038 igrio-

224 1048 412 1080 miniosam
443 1059 479 1080 se
505 1054 690 1082 verterunt
711 1059 791 1082 eum
820 1050 1012 1083 multorum
1032 1052 1187 1085 militum
1209 1053 1413 1089 occidione,
1442 1057 1479 1084 et
1513 1063 1591 1085 eam
1618 1049 1749 1083 montis
1765 1056 1903 1094 partem

223 1108 320 1141 hosti
335 1107 575 1152 reliquerunt,
602 1108 664 1152 qui
690 1108 734 1142 ad
754 1115 869 1142 castra
889 1121 951 1142 sua
971 1123 1006 1144 se
1025 1111 1163 1155 recepit
1183 1113 1314 1156 praeda
1335 1117 1493 1145 onustus.
1544 1110 1668 1145 Paullo
1688 1116 1768 1155 post
1793 1110 1904 1143 altera

225 1169 304 1200 vice
325 1178 388 1211 per
404 1168 556 1200 eundem
581 1167 709 1200 ducem
737 1169 865 1212 irrupit
892 1170 1043 1203 Sinanus
1073 1170 1110 1202 in
1138 1171 1319 1215 regionem
1340 1171 1547 1204 Dholeimae
1566 1171 1599 1209 b,
1627 1183 1719 1217 quae
1740 1171 1785 1204 ad
1802 1171 1907 1204 ditio-

226 1239 308 1261 nem
335 1226 540 1272 pertinebat
562 1226 687 1268 Imami
711 1226 860 1266 Hasmri,
897 1235 932 1262 et
956 1230 1105 1275 repulsis
1133 1230 1216 1263 inde
1245 1229 1491 1264 defensoribus
1527 1242 1692 1274 magnum
1719 1244 1906 1264 numerum

227 1289 401 1324 virorum,
428 1285 618 1318 mulierum
647 1292 693 1319 et2
710 1289 939 1331 parvulorum
968 1302 1009 1322 ex
1039 1301 1078 1322 ea
1107 1289 1330 1322 abduxerunt
1368 1290 1489 1324 Sinani
1517 1292 1666 1327 milites,
1701 1302 1789 1335 quos
1827 1302 1907 1323 cum

227 1346 499 1393 quadrupedum
529 1347 748 1391 aliarumque
776 1360 893 1381 rerum
930 1349 1062 1393 praeda
1094 1349 1230 1393 ingenti
1270 1349 1314 1381 ad
1341 1355 1456 1382 castra
1491 1351 1528 1382 in
1558 1351 1696 1384 Karano
1729 1351 1906 1386 al-Waari

228 1408 344 1452 posita
363 1407 494 1440 hilares
512 1407 741 1440 reduxerunt.
792 1407 979 1454 Reliquam
995 1409 1140 1454 quidem
1156 1408 1322 1453 praedam
1345 1408 1496 1441 Sinanus
1522 1408 1694 1443 militibus
1714 1412 1906 1444 concessit:

230 1468 388 1513 captivos
408 1478 491 1500 vero
518 1478 656 1505 omneS,
685 1466 824 1500 sedium
852 1469 997 1513 optione
1016 1468 1059 1501 iis
1080 1468 1182 1506 data,
1211 1468 1447 1501 traducendos
1476 1468 1614 1501 curavit
1641 1468 1679 1500 in
1696 1468 1781 1501 alias
1795 1469 1910 1502 Jema-

226 1541 293 1562 nae
312 1529 473 1574 regiones
498 1528 655 1561 Paschae
682 1528 840 1563 subditas
857 1531 1026 1564 sociasve.

278 1592 344 1624 Die
362 1589 511 1633 septimo
531 1588 665 1621 Rebi-ae
688 1589 814 1632 prioris
844 1589 894 1631 (a.
923 1591 956 1624 d.
986 1591 1030 1626 27
1050 1591 1171 1634 Febr.)
1199 1590 1371 1635 comperit
1395 1590 1693 1624 Schamseddinus
1716 1589 1736 1623 f.
1755 1590 1911 1624 Moham-

231 1652 359 1687 medis.
388 1648 521 1681 incolas
561 1647 715 1691 Nedjrae
746 1653 782 1679 et
826 1660 918 1693 quae
950 1661 1030 1682 cum
1058 1650 1100 1682 iis
1129 1651 1312 1684 affinitatis
1349 1656 1385 1683 et
1422 1649 1603 1683 societatis
1640 1650 1783 1683 vinculo
1812 1658 1913 1685 erant

235 1712 465 1755 conjunctae,
494 1707 606 1740 tribus
626 1707 777 1741 Kodami
797 1712 809 1728 c
840 1719 914 1740 sese
942 1708 1154 1742 subtraxisse
1181 1710 1329 1754 imperio
1354 1711 1536 1744 Sultanico
1557 1716 1592 1743 et
1620 1710 1754 1744 misisse
1778 1712 1911 1756 legatos

233 1773 277 1804 de
301 1769 440 1803 foedere
462 1767 618 1801 ineundo
639 1768 684 1800 ad
704 1768 880 1801 Imamum
906 1769 1105 1807 Hasanum,
1141 1775 1328 1815 postquam
1366 1771 1548 1815 ejecerant
1576 1782 1594 1803 e
1625 1772 1768 1805 castello
1802 1773 1911 1806 Kora-

234 1835 327 1868 dliae
346 1829 564 1877 praesidium
592 1827 876 1861 Caucabanense.
937 1829 1118 1862 Venerant
1141 1836 1262 1862 autem
1282 1830 1347 1863 sub
1373 1831 1560 1876 imperium
1587 1831 1808 1864 Sultanieum
1832 1838 1913 1876 post

236 1893 402 1926 amissum
428 1888 473 1921 ab
503 1888 584 1921 Alio
613 1887 718 1932 Jahja
739 1887 948 1921 Meswarum
970 1901 1050 1922 cum
1072 1890 1166 1922 omni
1196 1889 1255 1921 illo
1280 1895 1413 1928 tractu,
1446 1891 1721 1936 impositumque
1750 1897 1825 1924 erat
1844 1891 1912 1924 Ko-

235 1951 368 1985 radhae
385 1949 604 1994 praesidium
621 1948 665 1981 ab
686 1948 896 1987 Izzmldino,
924 1950 986 1994 qui
1005 1955 1123 1984 tamen
1143 1955 1279 1994 partem
1299 1947 1451 1994 regionis
1478 1950 1664 1983 Koradhae
1686 1950 1768 1982 Alio
1787 1951 1913 1994 Jahjac

236 2011 464 2047 reddiderat,
505 2013 546 2040 ut
577 2008 613 2040 in
643 2008 941 2052 praecedentibus
977 2015 1212 2043 memoratum
1241 2016 1302 2042 est.
1355 2011 1419 2043 Illa
1449 2023 1530 2056 ergo
1565 2022 1647 2055 gens
1674 2011 1916 2045 strenuissima

238 2079 274 2104 et
295 2075 465 2116 apparatu
484 2068 611 2100 bellico
642 2068 913 2101 instructissima
933 2069 1092 2114 locisque
1119 2071 1265 2104 munitis
1287 2070 1446 2115 plurimis
1474 2070 1647 2114 gaudens,
1676 2082 1740 2115 per
1758 2071 1914 2104 indolem

241 2142 338 2163 <uam
356 2129 400 2162 ab
417 2129 563 2174 antiquo
581 2128 662 2160 inde
686 2133 841 2172 tempore
865 2129 976 2162 omnis
997 2129 1134 2174 imperii
1154 2130 1399 2175 impatientem
1424 2136 1458 2162 et
1471 2141 1537 2175 per
1557 2130 1631 2163 Alii
1648 2130 1773 2175 Jahjae
1785 2131 1912 2176 princi—

1860 2191 1915 2234 pis

295 2337 307 2353 ²
327 2331 421 2372 3⁴:⁸2²?
582 2334 597 2357 b
615 2320 709 2375 δὲυ.
859 2341 872 2358 ⁰
891 2329 989 2384 &4²⁴¹-
