2055 2865
846 139 1129 175 —75—

152 247 194 271 ex
215 231 372 269 exercitu
390 229 468 276 ejus
486 230 619 265 lectum
641 230 761 263 statim
789 230 951 265 mitteret
976 231 1020 265 ad
1042 230 1308 266 Desterdarium
1328 231 1552 277 Mustapham
1572 239 1608 267 et
1628 235 1822 271 exereitum

150 294 390 331 Sultanicum:
417 304 506 338 quos
526 303 646 325 omnes
667 292 816 331 milites,
842 292 1009 325 lubenter
1027 305 1046 325 a
1065 293 1267 326 Caueabani
1285 293 1445 338 principe
1465 295 1604 333 missos,
1637 295 1738 331 donis
1755 299 1823 332 sibi

148 347 311 392 devinxit
331 353 467 388 Pascha
488 359 523 386 et
541 359 710 398 tanquam
730 352 931 386 auxiliarios
951 354 1135 398 conjunxit
1156 366 1236 386 eum
1255 354 1471 387 Desterdarii
1491 356 1612 400 copiis.

152 416 160 420 ⁶
196 417 265 452 Vix
294 422 412 449 tamen
435 416 584 448 ineunte
616 425 736 447 mense
765 412 984 447 Schawwalo
1026 414 1109 447 anni
1135 413 1206 447 992
1240 414 1377 456 (medio
1406 417 1606 461 Septembri
1636 419 1746 465 1584)
1777 422 1822 456 ad

154 479 339 513 Hasanum
355 475 527 511 Pascham
548 479 695 509 venerat
714 474 861 508 nuntius
877 474 921 508 de
943 474 1127 508 deditione
1147 476 1282 508 castelli
1303 475 1540 512 Oinm-Lailae
1553 506 1560 518 ,
1582 492 1663 514 cum
1684 482 1825 517 Sultani

118 522 124 529 ι
154 539 364 574 mandatum
399 537 692 583 propositumque
723 547 844 575 suum,
880 536 978 582 quod
1005 536 1124 570 adhuc
1159 548 1280 570 omnes
1312 537 1508 577 celaverat,
1542 541 1611 575 suit
1637 551 1824 578 exsecutus

151 596 190 634 et
219 598 342 632 Alium
372 596 513 640 Jahjam
542 595 634 629 nihil
663 595 840 641 ejusmodi
868 603 1151 643 exspectantem,
1188 599 1250 632 sed
1276 605 1422 644 propter
1442 598 1567 633 foedus
1585 603 1822 648 jurejurando

146 658 324 694 sancitum
343 668 466 690 secure
481 656 676 702 quieteque
698 658 898 698 viventem,
927 658 1107 693 hostiliter
1129 665 1256 705 petens
1286 660 1361 694 sine
1382 660 1467 693 belli
1495 661 1736 696 declaratione
1758 665 1822 697 im-

144 709 330 767 pugnavit.
381 717 426 750 In
446 723 634 764 utramque
662 718 810 753 ditionis
841 730 925 752 suae
953 724 1090 763 partem
1114 720 1237 754 Tsolae
1266 721 1431 766 princeps
1463 727 1548 755 tune
1569 722 1824 768 irrumpentem

144 772 188 815 ex
206 779 391 825 inopinato
412 779 504 812 vidit
523 779 681 813 hostem:
710 781 755 814 ab
783 781 893 814 altera
919 786 1021 825 parte
1048 782 1255 823 accedebat
1270 782 1315 815 ad
1335 782 1431 815 illius
1455 784 1576 817 sedem
1597 785 1674 829 ejus
1695 798 1824 832 expug-

147 836 286 876 nandae
308 840 421 885 gratia
442 838 690 873 Defterdarius
717 840 906 886 Mustapha
931 852 1013 874 cum
1041 842 1200 875 exercitu
1229 842 1430 882 Sultanico,
1458 844 1502 876 ab
1532 845 1642 877 altera
1660 846 1824 890 prorupit

150 898 452 935 'Schamseddinus
473 911 554 932 eum
573 900 732 934 exercitu
752 901 849 934 haud
870 901 1141 935 contemnendo.
1192 901 1250 935 Ad
1275 902 1371 936 hunc
1393 904 1486 937 enim
1513 904 1597 937 belli
1626 905 1825 938 amantissi-

149 972 248 995 mum
272 959 470 1004 principem
499 959 660 993 Hasanus
696 960 845 994 dederat
872 962 1041 993 mandata
1071 961 1227 994 excelsa:
1262 973 1326 1006 per
1351 975 1444 1007 quae
1474 964 1662 1009 imperavit
1690 964 1758 1001 illi,
1785 971 1827 999 ut

149 1020 344 1056 exercitum
362 1019 690 1053 Caueabanensium
706 1021 873 1065 progredi
899 1020 1047 1065 juberet
1076 1020 1245 1053 adversus
1276 1020 1351 1053 Alii
1382 1022 1508 1066 Jahjae
1537 1025 1720 1058 castellum
1740 1027 1828 1060 Mes-

149 1093 286 1116 warum
307 1085 344 1113 et
361 1091 501 1112 omnem
521 1090 598 1111 eam
617 1078 816 1124 regionem,
843 1080 907 1126 qui
928 1079 1114 1113 obsidione
1131 1080 1219 1112 illud
1238 1080 1396 1124 cingeret
1417 1088 1453 1114 et
1484 1091 1718 1126 expugnaret3
1744 1097 1826 1129 pro-

150 1143 246 1176 misit
265 1153 369 1186 porro
389 1146 430 1173 ut
447 1139 625 1184 quidquid
656 1140 808 1184 cepisset
836 1153 877 1175 ex
897 1141 1000 1174 terris
1026 1146 1088 1173 ant
1118 1141 1272 1174 castellis
1302 1141 1376 1175 Alii
1405 1142 1552 1188 Jahjae,
1592 1144 1627 1177 id
1650 1157 1753 1179 omne
1783 1148 1827 1181 ad

154 1204 231 1249 ejus
260 1200 390 1235 deinde
416 1198 616 1244 pertineret
647 1200 831 1234 ditionem.
881 1202 976 1236 Huic
1008 1202 1117 1247 igitur
1140 1202 1307 1236 mandato
1336 1210 1482 1248 propter
1499 1204 1661 1238 additum
1680 1208 1828 1250 promis-

150 1261 227 1298 sum
245 1263 413 1296 lubenter
433 1266 470 1293 et
501 1272 582 1294 cum
603 1262 732 1306 gaudio
753 1262 927 1297 satisfecit
946 1263 1149 1297 Caucabani
1167 1264 1352 1309 princeps,
1379 1270 1416 1297 et
1441 1265 1586 1309 pietatis
1603 1278 1684 1312 erga
1703 1267 1827 1302 Alium

156 1326 298 1370 Jahjam
332 1329 368 1357 et
396 1322 613 1368 integritatis
643 1330 814 1370 paternae
842 1325 1024 1359 immemor
1060 1325 1255 1359 exercitum
1276 1321 1383 1358 ’duce
1422 1325 1578 1359 Jakouto
1612 1326 1828 1363 Necrezanio

149 1384 269 1424 statim
284 1389 322 1422 in
340 1388 413 1422 Alii
430 1387 555 1432 Jahjae
578 1386 666 1419 fines
686 1385 841 1418 immisit.

155 1452 158 1453 ⁷
197 1452 277 1494 Quo
304 1450 362 1483 die
393 1447 694 1482 Schamseddinus
723 1447 952 1484 Meswarum,
980 1446 1106 1480 eodem
1133 1446 1380 1481 Dcfterdarius
1408 1447 1597 1493 Mustapha
1622 1448 1644 1482 f.
1678 1449 1826 1485 Thahiri

156 1523 238 1545 cum
257 1509 417 1543 exercitu
439 1508 623 1542 Sultanico
644 1507 860 1540 validissimo
891 1514 928 1541 et
954 1508 1050 1541 omni
1079 1514 1250 1553 apparatu
1279 1508 1408 1541 bellico
1438 1510 1661 1544 ornatissimo
1691 1511 1830 1548 Tsolam

154 1571 340 1607 contendit
370 1575 406 1602 et
433 1570 549 1613 primo
583 1567 818 1611 expeditionis
847 1568 906 1600 die
937 1569 1104 1613 pervenit
1136 1569 1180 1601 ad
1210 1569 1389 1612 regionem
1418 1570 1503 1614 Ajal
1541 1572 1700 1612 Soraihi,
1733 1576 1832 1609 unde

152 1629 323 1680 postridie
345 1629 494 1662 accessit
515 1627 559 1660 ad
581 1638 677 1659 oram
699 1628 852 1671 regionis
882 1628 1061 1661 Tsolanae.
1113 1628 1191 1660 Non
1213 1633 1331 1659 tamen
1360 1629 1479 1660 statim
1507 1639 1584 1660 eam
1615 1630 1755 1665 introiit
1776 1644 1830 1669 re,-

151 1683 309 1740 gionem,
334 1689 397 1723 sed
417 1700 480 1734 per
498 1688 635 1721 litteras
665 1688 710 1720 ad
737 1689 869 1721 incolas
901 1688 1055 1732 regionis
1084 1688 1207 1721 Tsolae
1238 1688 1360 1721 missas
1388 1694 1425 1721 et
1456 1689 1656 1733 complures
1680 1694 1827 1728 nuntios

151 1749 228 1800 ejus
248 1751 382 1786 incolas
398 1749 564 1783 incitavit
585 1749 630 1782 ad
661 1749 873 1795 obsequium
904 1749 1043 1782 Sultani
1068 1755 1103 1781 et
1133 1749 1425 1794 promissionibus
1443 1750 1621 1796 minisque
1643 1764 1702 1786 eos
1725 1755 1769 1788 ad
1791 1768 1827 1789 se

151 1814 280 1848 allexit.
341 1811 441 1857 Quae
470 1811 597 1844 callida
636 1811 764 1856 agendi
793 1810 884 1843 ratio
916 1822 1083 1844 successu
1121 1821 1193 1842 non
1222 1810 1355 1849 caruit,
1391 1813 1601 1856 praesertim
1638 1821 1828 1861 postquam

153 1875 340 1912 Tsolan0s‚
366 1873 430 1919 qui
445 1872 550 1917 primi
569 1872 614 1905 ad
636 1872 735 1905 illum
762 1871 1041 1916 transfugerant,
1069 1870 1265 1904 honorifice
1296 1878 1484 1917 exceperat
1503 1878 1540 1906 et
1566 1874 1661 1919 large
1683 1877 1831 1911 donatos

155 1949 236 1971 cum
255 1933 457 1970 securitatis
475 1933 647 1978 promisso
675 1932 718 1965 ad
750 1944 830 1965 suos
861 1933 1111 1966 retromiserat.
1164 1932 1339 1966 Absentia
1362 1938 1437 1966 tum
1455 1934 1529 1967 Alii
1548 1935 1694 1981 Jahjae,
1721 1950 1830 1984 quem

156 1995 410 2031 Mohammedis
429 1994 451 2027 s.
472 1994 598 2032 Iladii,
626 1993 802 2026 exercitus
824 1994 901 2038 ejus
922 1994 1095 2038 praefecti
1108 2019 1115 2032 ,
1136 1993 1288 2039 perfidia
1306 1995 1351 2027 ad
1363 1995 1572 2029 Meswarum
1593 2004 1782 2031 vocaverat
1795 2005 1832 2032 et

158 2057 357 2102 copiarum,
383 2066 476 2100 quae
507 2066 565 2087 eas
597 2060 707 2087 terras
734 2054 988 2093 defenderent,
1016 2056 1180 2089 desectus
1211 2055 1394 2094 fecerunt,
1424 2062 1463 2089 ut
1494 2057 1537 2090 ad
1559 2057 1753 2090 humanum
1774 2071 1831 2094 eo,-

156 2128 322 2163 memque
342 2116 442 2149 illum
458 2115 574 2149 virum
595 2115 800 2161 frequentes
831 2115 985 2149 adierint
1006 2117 1100 2150 illius
1119 2118 1272 2163 regionis
1299 2117 1497 2163 principes,
1525 2123 1683 2156 orantes,
1709 2125 1750 2153 ut
1776 2132 1832 2154 re-

159 2178 257 2225 gioni
286 2177 456 2210 Tsolanae
484 2182 647 2222 parceret
673 2176 811 2221 sibique
839 2178 1070 2212 securitatem
1098 2179 1217 2212 daret:
1244 2192 1334 2225 quos
1358 2191 1480 2212 omnes
1509 2178 1662 2222 benigne
1687 2182 1830 2226 accepit

158 2239 404 2275 Derim-darius
431 2244 468 2271 et
494 2238 591 2283 pacis
617 2237 882 2272 conditionibus
924 2240 1130 2274 constitutis
1158 2240 1343 2274 beneficiis
1382 2239 1530 2273 donavit
1559 2245 1596 2273 et
1625 2242 1835 2277 muneribus

161 2301 313 2346 eximiis5
339 2299 468 2334 deinde
499 2299 543 2334 ad
571 2299 744 2335 Pascham
772 2311 832 2336 eos
857 2300 1035 2347 ablegavit
1064 2302 1269 2347 Mustapha,
1297 2306 1338 2336 ut
1367 2312 1448 2335 cum
1467 2300 1527 2335 illo
1548 2301 1836 2347 colloquerentur

1162 2363 1194 2396 Κ
1218 2362 1240 2397 2
1802 2371 1838 2398 et
