2055 2865
870 239 1177 275 —119—

183 334 249 356 nus
270 325 450 361 Ahmedes
478 327 725 373 proficiscendi
756 341 837 363 011111
864 331 1047 366 Ibrahimo
1075 334 1097 367 f.
1127 335 1354 372 Mothahheri
1384 341 1573 377 Schibamo
1601 343 1859 383 Caucabanum.

182 385 277 419 Misit
304 393 424 420 autem
451 389 587 423 Pascha
617 390 661 423 ad
690 396 881 436 utrumque
904 404 987 426 cum
1015 393 1082 427 hac
1102 396 1208 430 venia
1230 404 1346 433 vestes
1375 401 1589 437 honorificas
1619 412 1655 439 et
1684 411 1860 444 concessit

181 447 460 483 Schamseddino
488 450 724 484 Mohammedi
755 451 776 484 s.
808 452 1079 487 Schamseddini
1108 455 1283 490 Ahmedis
1309 460 1551 508 Sandjakbegi
1583 466 1756 503 Sultanici
1781 483 1858 504 11111,

179 520 264 547 11115,
299 510 384 554 quia
411 511 549 544 viderat
575 511 774 556 principem
802 512 1003 547 Caucabani
1031 526 1175 560 operam
1213 519 1383 553 continuo
1421 524 1593 560 collocare
1622 540 1792 564 summam
1820 533 1857 565 in

179 570 426 613 promovendis
446 571 551 604 rebus
571 572 761 606 sultanicis
782 578 818 606 et
835 585 871 607 se
891 574 1007 619 ipsum
1026 587 1182 622 opesque
1203 590 1282 613 suas
1303 581 1347 614 ad
1367 581 1445 627 ejus
1472 583 1612 629 imperii
1641 592 1858 626 emolumen-

180 637 255 664 tum
272 631 515 665 lubentissime
539 632 689 666 tradere.
741 633 907 668 Occurrit
927 635 1036 680 igitur
1056 637 1355 675 Schamseddinus
1383 642 1565 679 Ahmedes
1585 648 1734 695 ejusque
1763 652 1857 687 filius

178 691 440 726 Mohammedes
459 699 557 726 extra
582 694 810 728 Schibamum
830 696 1184 743 Agae¹Mustaphae,
1211 701 1274 745 qui
1302 703 1469 738 vexillum
1496 706 1718 742 sultanieum
1746 716 1858 746 trans-

180 752 333 791 serebat,
361 759 397 786 et
419 766 499 787 cum
520 755 669 788 maximo
690 756 824 789 honore
854 756 950 790 istud
977 769 1105 792 munus
1132 761 1289 806 accepit:
1318 768 1393 796 tum
1423 765 1646 812 Mustapham
1664 783 1855 819 omnesque

178 815 256 859 ejus
278 816 423 849 comites
443 816 548 860 regiis
568 816 715 849 donavit
735 817 951 851 muneribus.

227 876 419 908 Constituit
438 887 540 920 porro
562 877 697 910 Pascha
714 877 935 922 praefectum
954 879 1034 912 urbi
1052 879 1174 914 Tsolae
1196 881 1395 918 Ahmedem
1416 887 1563 922 Beithar
1579 895 1610 929 ²¹,
1638 892 1857 940 Sanaamque

179 937 361 982 profectus
389 942 443 970 est
473 949 553 970 cum
580 938 767 983 Mustapha
795 938 816 972 s.
847 938 994 972 Thahiri
1023 946 1060 972 et
1086 940 1222 986 reliquo
1253 946 1422 979 exercitu.
1483 949 1570 983 Cum
1595 953 1744 987 maxima
1771 967 1854 989 vero

178 1010 306 1044 pompa
325 998 443 1031 sedem
462 1009 562 1031 suam
581 999 744 1037 intravit,
771 1000 808 1032 in
827 1012 934 1045 quam
956 999 1198 1035 confluxerant
1217 1003 1324 1048 legati
1352 1017 1393 1039 ex
1413 1009 1577 1043 omnibus
1606 1015 1778 1048 tractibus
1799 1016 1855 1049 Je-

179 1072 303 1093 manae
328 1059 440 1096 1111551,
468 1064 509 1092 ut
537 1059 570 1092 ei
595 1060 856 1103 gratularentur
884 1060 1069 1093 victoriam
1104 1068 1335 1106 reportatam:
1370 1073 1510 1110 praeter
1540 1069 1603 1103 1105
1631 1073 1778 1108 aderant
1804 1077 1853 1109 ibi

179 1134 322 1167 quoquc
351 1120 528 1165 principes
567 1120 703 1164 aliquot
732 1131 751 1152 e
781 1120 942 1153 tribubus
968 1121 1120 1166 regionis
1152 1123 1376 1165 Dholeimae,
1411 1138 1454 1162 cx
1484 1131 1586 1164 terris
1606 1133 1856 1176 Schadhebae,

177 1194 287 1227 prope
305 1185 462 1213 montem
477 1179 678 1218 Ahnoumi,
705 1182 768 1226 qui
788 1193 829 1214 eo
858 1187 1031 1215 venerant
1058 1183 1222 1221 consilio,
1249 1191 1290 1218 ut
1317 1199 1353 1219 50
1384 1201 1518 1235 suaque
1539 1193 1655 1225 omnia
1675 1195 1856 1230 traderent

183 1243 321 1275 llasano
341 1240 499 1274 Paschae
520 1246 556 1273 et
577 1240 614 1273 in
636 1241 847 1286 obsequium
866 1247 902 1275 et
930 1243 1133 1276 clientelam
1159 1244 1317 1280 Paschae
1346 1259 1422 1288 sese
1448 1250 1584 1285 darent.
1635 1254 1856 1302 Simulatque

179 1308 299 1336 autem
319 1303 469 1335 Sanaam
488 1302 660 1341 redierat,
683 1302 853 1336 victoriae
873 1308 1073 1347 reportatae
1095 1305 1281 1340 certiorem
1299 1307 1386 1342 fecit
1401 1310 1854 1362 SultanumetMustaphae

177 1364 336 1397 debitam
356 1363 483 1396 tribuit
503 1363 662 1401 laudem,
689 1369 731 1396 ut
749 1363 794 1396 de
813 1364 958 1397 meliore
983 1370 1069 1398 nota
1098 1364 1157 1398 hic
1188 1366 1384 1403 innotuerit
1405 1371 1566 1406 Morado:
1594 1375 1719 1409 iisdem
1738 1377 1776 1411 in
1793 1378 1854 1411 lit-

176 1425 262 1459 teris
292 1424 449 1457 ostendit
475 1424 630 1468 denique
660 1434 799 1455 omnem
823 1423 898 1468 jam
929 1424 1133 1464 Jemanam,
1170 1429 1326 1472 exeeptis
1356 1433 1500 1466 castello
1525 1434 1641 1469 Affari
1671 1443 1707 1470 et
1732 1445 1851 1472 monte

178 1484 361 1518 Ahnoumi
383 1484 582 1528 subjectam
611 1496 686 1517 esse
716 1484 864 1529 imperio
894 1485 1118 1520 Otsmanico:
1155 1493 1348 1534 utrumque
1375 1504 1458 1526 vero
1488 1494 1661 1535 obsideri,
1696 1509 1763 1531 nec
1789 1498 1852 1532 diu

177 1545 328 1590 amplius
348 1556 449 1589 posse
467 1544 641 1578 resistere.

229 1606 296 1639 Die
316 1605 358 1638 13
378 1604 516 1649 Redjeb
534 1605 641 1649 hujus
660 1606 743 1638 anni
770 1604 822 1648 (a.
840 1606 872 1639 d.
892 1606 913 1640 2
932 1607 1018 1640 Julii
1039 1607 1151 1652 1585)
1185 1608 1346 1643 Hasanus
1374 1615 1548 1647 concessit
1570 1615 1653 1648 Alio
1683 1617 1808 1662 Jahjae
1832 1619 1852 1652 f.

181 1665 424 1703 Mothahheri,
451 1665 513 1711 qui
533 1666 666 1698 Sanane
694 1666 898 1700 etiamnunc
929 1668 1213 1702 commorabatur
1240 1671 1481 1717 Sandjakbegi
1509 1686 1637 1709 munus
1659 1682 1695 1710 et
1720 1679 1853 1723 stipen—

180 1730 279 1763 dium
306 1728 414 1772 idque
438 1725 634 1759 honorifice
665 1726 732 1771 ipsi
761 1728 853 1761 tradi
876 1729 1001 1773 jussit,
1027 1741 1099 1774 quo
1128 1741 1274 1764 munere
1304 1732 1405 1766 valde
1435 1734 1635 1770 delectatus
1663 1744 1717 1771 est
1740 1738 1798 1772 1110
1817 1746 1855 1773 et

179 1790 345 1824 maximas
364 1787 522 1821 Paschae
543 1786 614 1830 egit
634 1788 772 1831 gratias.
823 1788 1065 1823 Constituerat
1091 1796 1212 1824 autem
1239 1792 1272 1825 ei
1300 1793 1438 1828 Pascha
1462 1796 1652 1831 maximum
1683 1800 1854 1844 8311111311-

174 1851 262 1896 ν13ος1
283 1851 319 1883 111
346 1842 492 1882 Jemana
523 1848 738 1892 stipendium
767 1855 803 1882 et
831 1850 951 1894 paullo
979 1856 1059 1895 post
1087 1862 1169 1884 eum
1197 1852 1393 1887 donaverat
1419 1867 1512 1901 equo
1537 1858 1796 1903 perfectissimo
1816 1867 1851 1894 et

180 1911 296 1957 gladio
321 1910 506 1954 clipeoque
526 1910 839 1942 excellentissimis.
891 1910 933 1942 Id
950 1916 1070 1943 autem
1088 1922 1151 1955 per
1177 1912 1435 1958 benignitatem
1461 1923 1498 1950 et
1523 1919 1773 1954 liberalitatem
1801 1921 1853 1954 es-

180 1972 315 2005 fecerat
343 1971 529 2007 Hasanus,
565 1974 606 2001 ut
634 1969 782 2014 imperio
810 1970 993 2004 Sultanico
1033 1971 1295 2008 addictissimus
1321 1982 1357 2009 et
1395 1977 1552 2014 Paschae
1590 1981 1723 2014 amicus
1759 1987 1851 2014 esset

183 2031 298 2065 sactus
316 2029 538 2062 adversarius
559 2029 738 2074 quondam
759 2030 897 2064 Sultani
918 2037 954 2064 et
973 2031 1084 2065 hostis
1104 2034 1358 2070 acerbissimus.

230 2091 335 2125 Haud
355 2090 419 2123 diu
438 2094 517 2134 post
535 2088 614 2131 (die
636 2089 681 2124 25
708 2091 844 2136 Redjeb
865 2104 888 2125 s.
919 2090 962 2125 14
988 2092 1075 2126 Julii
1108 2094 1221 2140 1585)
1254 2097 1418 2141 peditum
1447 2110 1571 2143 agmen
1599 2099 1852 2134 validissimum

183 2165 223 2186 ex
244 2151 353 2197 copiis
374 2149 564 2184 Sultanicis
583 2155 620 2183 et
637 2152 799 2197 equitum
829 2153 1055 2188 selectiorum
1083 2160 1215 2190 turmas
1243 2158 1440 2204 complures
1468 2170 1508 2191 ex
1534 2159 1715 2194 Arabibus
1734 2168 1770 2195 et
1791 2174 1850 2195 ex-

1805 2227 1854 2255 te-

237 2337 247 2353 2
258 2315 350 2378 ,μζ
374 2330 478 2367 ml.
