2055 2865
511 456 743 509 INDEX
801 457 1393 508 GEOGRAPHICUS.

108 866 221 902 ABOU
243 864 399 898 ARISCH
421 870 523 919 0³:³⁸³?
538 867 603 912 ,9³5-
649 867 774 901 Nomen
791 867 904 911 oppidi
923 868 955 901 in
978 867 1230 912 Septentrionali
1255 870 1417 904 Tehamae
1444 875 1548 914 parte.
1594 872 1699 916 Prope
1723 873 1802 915 Dja-

152 938 268 959 zanum
290 927 371 958 illud
393 928 487 959 situm
512 933 580 960 erat
604 933 637 961 et
660 940 736 961 cum
761 929 824 961 hac
846 929 926 961 urbe
948 929 989 961 de
1010 931 1196 973 principatu
1220 930 1401 962 contendit.
1447 931 1555 971 Quum
1576 933 1662 964 enim
1689 933 1799 964 medio

153 985 262 1016 seculo
284 993 372 1016 nono
391 995 485 1017 aerae
504 986 647 1018 Arabum
667 987 700 1019 in
721 986 856 1018 urbibus
874 992 1095 1018 numeraretur
1117 987 1263 1028 Djazano
1281 987 1453 1029 subjectis,
1480 989 1560 1029 (vid.
1584 989 1658 1021 [nd.
1682 989 1800 1031 Geogr.
1823 977 1826 981 ¹

153 1052 171 1073 a
199 1040 418 1074 Johannsenio
452 1043 631 1074 Historiae
651 1041 787 1075 Jeman.
813 1043 981 1080 additam,
1006 1053 1031 1074 s.
1047 1042 1100 1084 v.)
1134 1053 1209 1074 mox
1240 1053 1307 1084 quo
1334 1048 1478 1085 tempore
1504 1044 1661 1076 Sultanici
1686 1047 1801 1077 milites

151 1098 317 1130 Jemanam
349 1099 533 1132 invaserunt
564 1101 597 1131 in
634 1099 815 1131 libertatem
850 1109 915 1131 sese
953 1099 1148 1136 vindicavit,
1182 1099 1229 1130 uti
1267 1104 1425 1131 memorat
1460 1105 1574 1131 auctor
1610 1100 1684 1130 libri
1719 1112 1750 1132 e.
1779 1107 1802 1132 t.

152 1156 274 1204 Udi-4215
299 1170 382 1203 h353,
409 1156 450 1187 de
474 1157 567 1198 cujus
588 1156 770 1187 testimonio
793 1155 883 1187 conf.
907 1154 1006 1196 Sacyi
1029 1155 1102 1187 Ind.
1126 1156 1243 1198 Geogr.
1267 1157 1299 1188 in
1323 1156 1403 1188 Not.
1427 1160 1460 1188 et
1483 1157 1588 1189 Exlr.
1612 1157 1671 1187 des
1696 1157 1801 1189 MSS„

150 1216 240 1249 Tom.
266 1216 324 1249 lv.
379 1215 501 1246 Deinde
529 1225 638 1246 mense
671 1214 884 1246 Schawwalo
915 1216 990 1246 anni
1016 1215 1081 1247 990
1113 1214 1296 1244 libertatem
1328 1215 1444 1245 iterum
1475 1216 1579 1247 amisit
1606 1221 1638 1247 et
1667 1216 1803 1257 Djazani

149 1271 289 1314 principi
317 1271 521 1312 aliquamdiu
542 1270 696 1302 obedivit.
741 1269 826 1302 vVide
847 1280 941 1312 supra
969 1281 1045 1312 pag.
1064 1272 1117 1303 37.
1171 1269 1276 1300 Hodie
1300 1271 1499 1303 contrarium
1522 1272 1647 1303 obtinet
1667 1277 1698 1303 et
1723 1273 1803 1315 Dja..

148 1338 265 1360 zanum
283 1328 422 1369 pertinet
443 1327 485 1357 ad
505 1327 600 1357 urbes
621 1325 696 1357 huic
717 1326 841 1357 civitati
862 1327 1041 1359 submissas.
1089 1325 1182 1358 Conf.
1206 1325 1361 1360 Niebuhr.
1380 1327 1488 1360 Descr.
1511 1329 1611 1360 Arab.
1634 1340 1710 1371 pag.
1725 1331 1800 1362 253.

106 1383 221 1415 ADAR
236 1390 321 1432 Γ».
367 1383 466 1415 Vicus
487 1393 511 1414 s.
535 1393 637 1424 pagus
660 1383 736 1414 satis
766 1382 911 1423 amplus,
937 1383 1061 1414 dissitus
1089 1383 1218 1415 circiter
1240 1382 1338 1414 borae
1367 1386 1526 1425 spatium,
1551 1387 1800 1427 septentrionem

149 1453 274 1480 versus,
301 1453 318 1474 a
340 1443 415 1474 loeo
436 1441 567 1484 Mokaja
595 1442 651 1474 ibn
672 1444 769 1474 Amer
791 1442 893 1474 dicto.
938 1443 991 1474 Est
1016 1444 1107 1474 locus
1131 1443 1163 1474 in
1186 1447 1293 1474 tractu
1317 1443 1459 1474 Haschid
1483 1454 1536 1476 wa
1561 1445 1652 1477 Bekil
1667 1470 1676 1484 ‚
1703 1459 1800 1489 quem

148 1499 301 1531 Niebuhr.
322 1500 356 1531 in
377 1499 549 1531 Itinerario
561 1499 720 1537 Asserie,
745 1501 778 1531 in
800 1499 908 1531 Descr.
929 1499 1030 1532 Arab.
1050 1500 1175 1531 Azarz‘e
1198 1504 1230 1531 et
1252 1500 1285 1531 in
1307 1500 1429 1532 Tabula
1451 1500 1566 1543 Geogr.
1592 1502 1668 1536 huic
1688 1504 1798 1537 Descr.

149 1557 308 1599 adjuncta
331 1556 478 1588 Elasere
501 1556 715 1597 nuncupavit.
761 1556 934 1598 Quumque
959 1557 1041 1588 adeo
1061 1562 1127 1589 tam
1147 1567 1261 1598 parum
1284 1556 1343 1587 sibi
1367 1563 1492 1588 constet
1513 1560 1650 1601 scriptor
1673 1568 1798 1593 cetero-

146 1615 228 1655 quin
249 1614 508 1655 diligentissimus
526 1622 592 1643 non
607 1613 792 1645 dubitamus
811 1618 952 1645 nostram
973 1613 1197 1655 scriptionem,
1220 1613 1327 1644 media
1350 1614 1439 1644 litera
1464 1621 1504 1652 ι),
1528 1617 1689 1656 praeferre
1716 1619 1800 1649 illius

147 1673 401 1714 pronuntiationi
424 1672 530 1704 media
553 1674 585 1705 ὁ.
631 1672 778 1705 Ceterum
802 1673 1085 1705 animadvertimus
1107 1674 1149 1704 ab
1169 1673 1279 1704 Adaro
1299 1672 1431 1702 alteram
1454 1674 1538 1705 viam
1558 1680 1644 1708 trans
1668 1678 1799 1719 Mokaja

148 1725 203 1755 ibn
226 1727 338 1762 Amer,
366 1724 551 1756 Cliamirum
574 1730 604 1756 et
627 1726 806 1757 Hamadam
827 1728 947 1758 ducere
974 1726 1017 1757 ad
1042 1726 1180 1757 Reidam
1202 1730 1233 1756 et
1260 1725 1335 1756 hinc
1358 1725 1541 1766 Imranum,
1567 1729 1700 1760 alteram
1724 1742 1799 1762 vero

148 1786 234 1813 trans
256 1781 393 1812 Goulam
417 1782 446 1812 al
468 1782 587 1824 Adjib,
613 1782 863 1821 Scffidhebam,
889 1784 959 1814 Kaa
986 1784 1016 1814 al
1046 1782 1202 1820 Schams,
1236 1781 1325 1812 Souk
1357 1783 1384 1813 el
1413 1782 1490 1812 Zeid
1515 1782 1627 1814 itidem
1655 1786 1697 1816 ad
1722 1786 1797 1817 Rei-

147 1839 222 1868 dam
243 1847 274 1868 se
297 1842 495 1871 convertere.
544 1839 647 1870 Goula
673 1840 703 1870 al
727 1839 828 1881 Adjib
850 1849 924 1871 vero
945 1839 1047 1880 magis
1068 1839 1110 1869 ad
1131 1838 1293 1869 Orientem
1317 1837 1375 1867 sita
1400 1837 1479 1875 suit,
1505 1849 1604 1880 quam
1629 1840 1797 1874 Niebuhr-ii

147 1894 224 1925 Tab.
250 1893 355 1935 Geog.
379 1895 516 1927 indicat.
561 1895 654 1926 Conf.
680 1895 771 1926 Nieb.
795 1895 871 1926 Iter.
897 1895 930 1927 l:
958 1894 1032 1925 444.
1057 1894 1180 1926 Descr.
1203 1894 1263 1926 Ar.
1289 1904 1323 1936 p.
1340 1894 1422 1932 252,
1447 1895 1505 1927 261
1532 1900 1563 1927 et
1587 1896 1797 1931 Burckhamlt

144 1950 272 1981 Rez'sen
295 1951 333 1979 in
356 1950 460 1981 Arab.
484 1961 518 1991 p.
539 1950 603 1982 673
625 1951 669 1982 al.

102 2005 278 2037 ADZRUM
292 2001 367 2053 jhc
393 2005 468 2046 0313.
522 2006 628 2048 Regio
650 2007 733 2039 inter
763 2007 905 2038 Saadam
931 2013 962 2040 et
990 2008 1217 2047 Abnoumum,
1254 2019 1353 2050 quam
1383 2009 1491 2041 variae
1523 2009 1666 2041 Arabum
1694 2011 1794 2043 tribus·

133 2062 350 2096 habitabant.
397 2066 434 2098 In
457 2066 510 2097 illa
534 2068 665 2108 regione
692 2079 794 2110 prope
819 2068 1025 2100 Ahnoumum
1052 2068 1111 2098 sita
1143 2072 1211 2099 erat
1235 2066 1348 2099 Karan
1372 2069 1401 2099 al
1426 2069 1551 2100 Waari.

102 2135 297 2167 AFFARUM
320 2126 403 2185 )l.{2=.
459 2136 575 2168 Urbem
600 2137 686 2170 hanc
719 2139 902 2181 Geographi
932 2139 1054 2170 Arabes
1085 2143 1117 2169 et
1148 2139 1404 2180 peregrinatores
1436 2139 1500 2170 sere
1531 2140 1689 2171 intactam
1722 2142 1793 2172 reli-

145 2194 296 2229 querunt.
342 2191 537 2222 Memoratur
557 2192 690 2233 quidem
720 2192 887 2234 quoddam
920 2193 1064 2224 Affarum
1090 2193 1122 2224 in
1156 2193 1274 2224 Lexico
1299 2191 1414 2232 Geogr.
1439 2191 1493 2222 sed
1524 2192 1614 2224 locus
1642 2199 1687 2224 est
1710 2195 1793 2226 inter

146 2245 288 2277 Meccam
310 2251 340 2277 et
364 2247 504 2289 Tajisum
529 2248 666 2284 „AN-³2¹5.
722 2249 808 2281 Unus
832 2249 1038 2287 Niebuhrius,
1074 2250 1130 2292 qui
1156 2251 1265 2280 locum
1286 2248 1318 2278 in
1342 2247 1464 2279 Tabula
1487 2259 1544 2279 suo
1566 2250 1640 2282 loco
1661 2252 1765 2292 posuit
1780 2275 1789 2288 π

144 2304 177 2336 in
202 2306 321 2340 veser.
344 2308 448 2341 Arab,
474 2319 507 2351 p.
528 2309 591 2342 239
614 2309 709 2343 refert
734 2319 805 2342 eam
829 2319 894 2341 esse
919 2309 1030 2341 urbem
1055 2310 1142 2341 satis
1165 2306 1326 2348 amplam.
1381 2306 1482 2339 Paulo
1513 2310 1606 2350 plura
1637 2310 1789 2343 discimus:

1202 2364 1255 2395 Ee
1277 2364 1298 2394 2
1772 2377 1789 2397 e
