2055 2865
877 171 1161 210 ι--ὶῑιὸ-ψ

181 272 374 320 (locutique
399 269 545 307 neeesse
568 265 681 309 esset,
706 265 839 303 auxilia
858 266 1051 303 mitterent
1073 273 1113 303 et
1139 264 1317 302 Lothsalla
1342 276 1418 301 sese
1444 263 1674 301 submitteret
1701 266 1850 313 imperio

182 332 333 368 Sultani.
383 332 537 367 Tantum
555 341 640 366 vero
656 329 776 368 abest.
801 332 845 361 ut
869 327 1007 361 sincere
1030 327 1174 372 juraret
1198 325 1376 361 Lothfalla
1403 332 1442 360 et
1470 326 1633 372 religiose
1653 325 1761 361 fidem
1779 338 1851 362 ser-

181 399 304 433 varet,
327 398 370 428 ut
395 398 522 429 contra
550 390 676 425 eodem
704 394 880 433 tempore.
906 399 979 433 quo
1005 386 1202 420 amicitiam
1226 386 1432 426 simulabat,
1458 387 1542 422 odio
1570 387 1704 421 Hasani
1729 393 1767 422 et
1785 387 1851 422 im-

180 454 276 499 perii
294 452 491 489 Otsmanici
508 448 746 484 infensissimo
765 446 988 492 flagraverit,
1011 457 1132 492 neque
1160 452 1284 491 postea
1313 446 1417 480 aliter
1439 447 1600 482 senserit.
1649 448 1778 484 Primis
1797 454 1851 482 ta-

181 525 266 548 men
280 510 496 557 temporibus
515 520 590 543 sese
608 508 790 542 continuit
807 506 973 553 viresque
993 518 1074 541 suas
1091 518 1200 553 quam
1225 506 1419 552 plurimum
1446 519 1576 553 augere
1601 513 1657 542 est
1686 513 1853 546 conatus,

184 584 299 618 eoque
318 571 430 615 magis
449 569 536 603 huic
554 567 606 602 rei
625 567 727 603 dedit
748 578 909 613 operam,
935 579 1008 613 quo
1026 568 1170 614 propior
1190 567 1381 601 videbatur
1407 568 1547 602 occasio
1577 580 1652 602 sese
1679 567 1854 602 liberandi

181 632 232 669 ab·
253 630 394 677 imperii
421 628 597 663 Sultanici
623 629 816 667 societate,
851 627 999 673 ingratis
1026 627 1089 661 sed
1116 628 1318 662 necessario
1349 628 1449 662 inita.
1499 627 1588 661 Cum
1617 639 1703 661 vero
1721 628 1854 662 Hasani

183 691 361 730 exercitus
379 691 418 725 in
435 689 530 724 hello
551 700 634 724 cum
651 689 735 723 Alio
755 688 862 733 Jahja
888 687 1037 723 adversa
1064 687 1237 722 utebatur
1262 689 1423 729 fortuna,
1450 695 1514 723 aut
1544 693 1640 722 certe
1670 686 1767 720 hunc
1795 688 1856 721 ad-

182 752 379 790 versarium
404 751 616 797 neutiquam
639 747 849 794 superabat,
884 754 1022 794 tempus
1046 749 1169 783 adesse
1197 755 1296 784 ratus
1324 755 1397 788 est,
1431 748 1568 794 aliquid
1593 759 1676 781 cum
1705 759 1765 793 spe
1794 759 1855 782 au-

183 812 311 851 dendi,
337 811 500 856 adeoque
519 811 638 856 palam
663 821 700 843 se
725 809 885 844 Paschae
908 808 1049 843 hostem
1077 810 1258 855 professus
1286 816 1341 843 est
1363 814 1400 842 et
1425 809 1695 842 Khaulanorum
1723 808 1856 848 tribus,

181 883 272 918 quas
286 872 362 917 jam
379 870 516 915 pridem
536 869 807 909 sollicitaverat,
834 869 880 903 ad
898 869 1033 904 bellum
1053 882 1134 904 cum
1159 869 1308 914 imperio
1336 869 1522 904 Sultanico
1550 868 1746 915 gerendum
1775 881 1857 903 evo-

184 930 291 966 cavit.
341 929 386 964 Id
404 929 491 963 fecit
508 941 628 963 mense
645 929 757 963 Rebia
776 929 905 968 altera,
929 930 1015 964 anni
1035 929 1106 964 990
1136 928 1252 973 (Majo
1275 928 1406 973 1582),
1434 941 1516 963 cum
1544 929 1620 963 Alii
1650 929 1777 976 Jahjae
1803 943 1859 965 res

185 991 304 1028 adhuc
323 995 425 1024 erant
445 990 603 1035 integrae
623 995 660 1023 et
682 988 860 1029 exercitus
888 988 1111 1026 Sultanicus‚
1137 987 1230 1021 duce
1257 987 1405 1026 Sinano,
1433 988 1548 1021 tribus
1564 989 1708 1033 proeliis
1734 1002 1855 1025 mense

183 1050 297 1088 Rebia
311 1049 421 1096 priori
443 1048 602 1093 (Aprili)
624 1048 834 1086 commissis,
861 1047 920 1082 vix
938 1045 1024 1081 huic
1041 1046 1196 1092 principi
1216 1046 1417 1089 restiterat3
1443 1047 1498 1080 uti
1527 1059 1547 1081 a
1566 1047 1668 1082 nobis
1697 1056 1751 1084 est
1779 1064 1858 1086 nar-

181 1116 309 1145 ratum.
365 1108 547 1142 Hasanum
578 1112 664 1141 tunc
691 1106 844 1152 putabat
871 1106 1051 1141 Lothfalla
1067 1106 1263 1152 majoribus
1292 1107 1515 1153 implicatum
1543 1118 1618 1141 esse
1649 1110 1802 1155 negotiis
1822 1118 1860 1145 et

181 1168 374 1206 molestiis,
409 1178 516 1214 quam
538 1172 580 1200 ut
606 1166 728 1210 statim
758 1167 804 1201 ad
834 1178 870 1201 se
897 1166 1031 1202 bellum
1061 1168 1289 1202 traduceret:
1326 1167 1466 1201 interea
1493 1168 1657 1212 sperabat
1683 1169 1780 1210 sore,
1816 1179 1859 1206 ut

181 1226 453 1265 nancisceretur
477 1228 591 1262 otium
619 1228 798 1266 scribendi
824 1240 843 1262 e
869 1230 1013 1275 regione
1043 1241 1106 1263 sua
1132 1228 1262 1262 milites
1290 1228 1428 1274 plures,
1455 1239 1563 1273 quam
1583 1229 1714 1276 quibus
1734 1231 1854 1266 adhuc

180 1290 369 1330 utebatur,
405 1289 609 1323 arcessendi
636 1300 780 1335 quoque
813 1289 945 1323 auxilia
979 1289 1024 1323 ab
1052 1287 1232 1323 Arabibus
1258 1286 1455 1321 Rhaulanis
1483 1292 1520 1320 et
1545 1299 1566 1320 a
1595 1288 1759 1326 tribubus
1786 1294 1857 1328 sihi

180 1350 343 1390 finitimis
380 1355 417 1384 et
452 1348 637 1384 muniendi
662 1350 790 1393 omnia
820 1349 922 1388 loca,
955 1361 1047 1395 quae
1084 1349 1253 1382 adversus
1281 1347 1421 1381 hostem
1451 1347 1626 1383 ditionem
1662 1364 1760 1386 suam
1798 1353 1852 1387 in-

180 1411 373 1446 vadentem
400 1416 567 1456 poterant
585 1409 742 1444 defendi.
793 1409 894 1454 Quae
916 1415 1034 1443 tamen
1055 1422 1133 1455 spes
1163 1420 1246 1442 eum
1274 1419 1417 1453 prorsus
1447 1407 1593 1451 fefellit3
1619 1423 1692 1446 non
1718 1419 1858 1449 tantum

181 1472 279 1515 enim
298 1472 452 1506 alterum
472 1471 592 1504 statim
613 1470 825 1510 exercitum,
852 1469 945 1504 duce
956 1469 1183 1504 Defterdario
1194 1468 1401 1515 Mustapha‚
1425 1474 1547 1502 contra
1568 1468 1691 1507 Alium
1712 1468 1855 1519 Jahjam

183 1532 282 1567 misit
300 1531 454 1570 Pascha,
481 1531 543 1566 sed
563 1537 599 1566 et
617 1530 763 1564 tertium
782 1531 909 1565 eodem
937 1538 1094 1576 tempore
1117 1532 1312 1565 exercitum
1332 1533 1472 1577 paravit
1498 1539 1534 1567 et
1562 1534 1720 1573 ornavit,
1747 1548 1856 1581 quem

180 1592 375 1635 sine-mora
396 1591 564 1624 adversus
578 1590 798 1625 ,Lothsallam
814 1591 929 1629 misit,
956 1596 997 1624 ut
1022 1591 1116 1624 illius
1145 1592 1345 1635 perjurium
1370 1598 1408 1625 et
1433 1592 1666 1627 rebellionem
1686 1596 1782 1639 gravi
1802 1597 1854 1629 ul-

183 1652 376 1688 cisceretur
405 1651 591 1696 supplicio.
642 1650 762 1685 Castra
791 1651 851 1685 hio
881 1651 1056 1685 exercitus
1080 1651 1201 1696 posuit
1218 1662 1328 1696 prope
1360 1652 1544 1686 castellum
1572 1654 1858 1691 Dzamarmarum

182 1724 295 1759 eaque
311 1721 418 1758 quam
437 1711 629 1756 plurimum
646 1711 810 1745 munivit.
860 1711 994 1746 Adhuc
1020 1711 1115 1746 enim
1143 1711 1258 1745 minor
1287 1718 1382 1751 erat,
1408 1726 1515 1760 quain
1544 1716 1606 1761 qui
1629 1716 1705 1749 acie
1735 1717 1857 1751 decer,

182 1786 269 1812 nere
292 1779 412 1819 posset
430 1783 510 1806 cum
539 1772 737 1807 Lothfauae
764 1773 893 1819 copiis,
918 1772 1213 1819 quandoquidem
1244 1772 1288 1806 ad
1317 1772 1432 1814 hunc,
1468 1788 1577 1822 quem
1606 1783 1790 1813 strenuum
1819 1785 1857 1813 et

184 1834 415 1870 fortissimum
434 1833 564 1867 ducem
582 1845 704 1867 onmes
725 1840 982 1879 cognoverant,
1008 1834 1170 1880 undique
1189 1832 1411 1870 adfluxerant
1430 1836 1567 1873 Arabes
1579 1864 1586 1877 ‚
1613 1852 1702 1885 quos
1727 1846 1854 1886 poton—

185 1896 257 1934 tiae
276 1895 479 1929 Sultanicae
500 1894 677 1929 taedebat.
728 1895 834 1929 Brevi
859 1901 977 1929 tamen
1005 1894 1138 1928 Hasani
1167 1895 1290 1941 copiae
1319 1897 1364 1930 ad
1394 1898 1681 1934 Dzamarmarum
1708 1913 1854 1935 numero

181 1956 332 1990 fuerunt
352 1961 497 1990 auctae:
525 1956 669 2001 collegit
686 1956 781 1990 enim
798 1956 930 1991 milites
957 1967 998 1989 ex
1024 1955 1120 1988 onmi
1146 1957 1331 2001 provincia
1356 1958 1523 1999 Jemana,
1550 1967 1586 1995 et
1616 1961 1709 1994 illius
1728 1962 1854 1995 libcra-

185 2016 267 2051 litas
296 2017 443 2061 insignis
473 2028 556 2061 erga
584 2017 693 2051 duces
722 2023 759 2052 et
786 2018 932 2056 milites,
958 2016 1088 2063 quibus
1112 2028 1276 2063 magnam
1305 2020 1476 2055 continuo
1497 2022 1669 2066 pecuniae
1692 2023 1762 2055 vim
1779 2035 1856 2057 ero⁷

188 2076 311 2122 gabat,
339 2076 443 2116 fecit,
469 2082 512 2110 ut
531 2088 550 2110 e
573 2079 746 2112 tractibus
765 2077 1079 2124 propinquioribus
1109 2083 1146 2111 et
1173 2080 1298 2124 procul
1327 2081 1459 2115 dissitis
1480 2082 1638 2127 undique
1658 2082 1788 2117 milites
1809 2084 1854 2119 ad

189 2149 272 2172 eum
289 2143 523 2171 accurrerent.
573 2137 799 2178 Accedebat,
825 2138 922 2185 quod
942 2138 1037 2172 illius
1057 2140 1257 2173 constantia
1277 2147 1314 2174 et
1332 2142 1440 2175 animi
1461 2141 1633 2176 fortitudo
1654 2142 1741 2175 alios
1758 2143 1853 2188 prin-

187 2198 285 2243 cipes
317 2197 556 2237 confirmaret,
583 2199 669 2233 alios
689 2211 708 2232 a
724 2200 927 2234 desectione
948 2205 984 2234 et
1003 2199 1195 2233 rebellione
1207 2201 1386 2234 retineret.
1425 2202 1647 2247 Quamquam
1667 2203 1761 2236 enim
1780 2203 1853 2237 hel-

184 2259 264 2293 ]um
282 2258 449 2292 adversus
470 2258 591 2293 Alium
610 2260 752 2305 Jahjam
771 2261 887 2294 minus
907 2259 998 2293 bene
1021 2260 1165 2294 cederet
1184 2268 1220 2294 et
1241 2261 1384 2305 insuper
1404 2261 1449 2295 ab
1469 2274 1511 2296 eo
1539 2263 1711 2297 deficeret
1735 2266 1854 2310 magui

186 2319 340 2354 nominis
360 2319 523 2366 princeps
543 2320 738 2360 Lothfalla,
766 2321 867 2368 cujus
895 2322 1172 2357 munitissimum
1201 2321 1384 2356 castellum
1412 2322 1700 2359 Dzamarmarum
1720 2326 1777 2362 vix
1796 2337 1857 2358 ve·

1804 2398 1857 2420 ³13⁷
