2055 2865
863 187 1169 222 —105—-

172 283 354 316 vissimum
374 281 541 327 temporis
560 280 719 327 spatium
733 279 822 315 illud
839 286 1080 316 transvectum
1101 290 1154 317 est
1174 282 1218 318 ad
1238 291 1351 320 castra
1372 286 1511 324 Sinani:
1532 294 1610 336 'quo
1629 290 1723 328 facto
1742 303 1853 333 noctu

173 349 209 377 et
230 343 387 377 interdiu
405 343 522 377 Affari
543 344 726 377 castellum
746 343 932 388 glandibus
951 349 1005 376 est
1025 345 1180 389 petitum
1200 351 1236 379 et
1258 359 1478 383 concussum.
1509 356 1512 359 ’
1548 355 1551 357 ’

217 406 362 438 Interea
391 405 524 438 accidit
551 406 645 439 inter
673 405 796 438 Alium
824 404 966 448 Jahjam
996 410 1032 437 et
1063 406 1233 439 Sinanum
1262 412 1512 446 commercium
1540 426 1603 459 per
1630 417 1796 462 epistolas
1816 428 1852 455 et

167 465 319 510 legatos3
345 467 442 512 quod
460 467 606 512 quidem
626 467 777 500 Sinanus
794 465 996 510 inceperat,
1025 466 1217 511 respiciens
1234 469 1279 501 ad
1298 470 1434 506 litteras
1446 499 1453 511 ‚
1479 487 1566 519 quas
1578 477 1622 510 ad
1642 478 1850 514 Schamsed-

165 527 290 560 (linum
321 527 366 560 ab
385 527 468 561 Alio
497 528 604 572 Jahja
622 527 742 572 paullo
763 531 846 559 ante
872 526 972 560 datas
993 538 1068 560 esse
1089 535 1325 562 memoratum
1355 538 1425 564 est:
1454 546 1495 567 ex
1522 537 1652 581 quibus
1672 552 1850 586 compen»-

163 594 219 620 rat
239 588 335 621 haud
354 589 509 621 alienum
530 599 611 621 eum
636 599 710 621 esse
738 599 757 620 a
784 599 890 632 paee,
917 588 945 621 si
976 589 1198 624 conditiones
1214 591 1333 635 justae
1354 592 1421 636 ipsi
1448 605 1738 640 proponerentur,
1777 604 1850 637 Nec

162 650 236 681 sine
258 649 395 681 ratione
416 648 626 682 autumabat
647 649 798 683 Sinanus
817 661 899 682 eum
921 656 998 695 post
1020 651 1158 685 cladem
1185 658 1267 686 ante
1286 665 1420 698 paucos
1448 655 1524 690 dies
1543 669 1607 702 per
1630 659 1848 696 Abdarrahi-

158 720 256 742 mum
274 716 457 755 acceptam
475 722 572 743 nunc
593 711 700 744 etiam
715 711 918 756 proniorem
930 710 1003 744 sore
1024 711 1067 745 ad
1086 724 1210 757 pacem
1230 719 1267 747 et
1287 714 1508 761 obsequium.
1559 717 1757 765 Eapropter
1773 735 1847 756 mo-

157 771 238 804 nuit
255 783 337 804 eum
357 783 420 816 per
439 771 596 810 litteras,
623 778 663 805 ut
684 772 868 806 castellum
890 773 1013 806 Tsolae
1034 773 1255 819 relinqueret
1275 776 1424 820 imperio
1445 778 1627 813 Sultanico
1648 787 1684 814 et
1705 784 1846 819 rediens

157 832 195 864 in
216 833 355 866 Sultani
374 832 586 878 obsequium
617 833 873 878 repugnantiae
905 839 941 867 et
970 834 1182 869 delictorum
1213 843 1353 881 rogaret
1378 839 1519 872 veniam
1547 846 1584 874 et
1615 843 1847 880 condonatio-

156 904 256 926 nem:
284 893 335 925 ita
363 892 507 926 demum
536 893 636 926 illum
667 893 734 926 sibi
765 894 994 939 familiaeque
1023 907 1107 928 suae
1137 903 1424 941 comparaturum
1453 899 1621 934 salutem:
1648 915 1721 937 non
1748 908 1843 940 enim

156 965 192 986 se
212 953 396 993 dubitare,
423 954 512 999 quin
531 954 654 1000 quiete
674 954 836 988 habitare
867 955 934 999 ipsi
963 955 1089 988 liceret
1119 956 1256 990 Dhafiri
1283 959 1320 991 in
1340 959 1429 992 urbe
1450 966 1486 993 et
1505 961 1555 994 ibi
1573 962 1642 997 frui
1662 967 1841 1010 stipendio

155 1015 339 1048 Sultanico
359 1015 455 1060 quod
474 1015 611 1049 Pascha
632 1015 664 1048 ei
683 1015 758 1048 sine
779 1015 889 1048 dubio
908 1026 1139 1049 concessurus
1156 1024 1259 1051 esset.
1309 1019 1505 1064 Respondit
1516 1023 1618 1058 Alius
1638 1026 1744 1072 Jahja
1764 1044 1841 1064 sese

155 1081 387 1121 accepturum
408 1076 592 1121 ‘ejusmodi
620 1075 860 1113 conditiones,
888 1075 916 1108 si
944 1087 1015 1109 non
1041 1088 1062 1108 a
1091 1077 1223 1111 Sinano
1255 1078 1316 1111 sed
1344 1091 1364 1112 a
1394 1081 1531 1115 Pascha
1560 1085 1634 1128 ipso
1661 1098 1837 1133 propone..

151 1137 299 1171 bantur:
328 1149 441 1183 eaque
461 1137 506 1171 de
535 1148 640 1170 causa
668 1137 823 1181 rogavit,
850 1142 891 1170 ut
916 1136 1080 1171 Alnnede
1108 1137 1130 1171 f.
1154 1138 1408 1174 Mohammedis
1438 1141 1459 1175 s.
1480 1143 1634 1179 Hamzae
1653 1148 1836 1185 al-Hasani

147 1199 372 1232 internuntio
392 1199 446 1232 uti
467 1198 533 1231 sibi
554 1198 688 1231 liceret.
730 1197 870 1232 Annuit
891 1198 1046 1237 Pascha,
1074 1199 1132 1233 cui
1154 1200 1305 1234 Sinanus
1323 1201 1412 1235 haec
1432 1206 1549 1239 omnia
1566 1209 1755 1250 retulerat,
1780 1224 1835 1245 ro-

149 1260 246 1303 ganti
268 1265 303 1292 et
323 1259 458 1292 dimisit
469 1259 669 1293 Ahmedem
682 1262 762 1293 eum
772 1259 948 1293 mandatis
967 1260 1011 1293 de
1032 1261 1127 1293 omni
1139 1261 1198 1294 illa
1218 1274 1255 1295 re
1277 1263 1319 1296 ad
1340 1263 1462 1298 Alium
1474 1266 1615 1311 Jahjam
1635 1269 1833 1307 Dhafirum.

147 1319 194 1353 In
214 1326 445 1365 conspectum
466 1322 543 1366 ejus
565 1327 605 1355 ut
625 1321 808 1355 Ahmedes
829 1322 927 1354 venit
947 1321 1100 1365 ingentis
1127 1322 1258 1356 doloris
1279 1325 1472 1369 specimina
1493 1333 1645 1374 uterque
1667 1335 1832 1366 ostende-

146 1388 249 1420 runt,
271 1388 307 1415 et
326 1382 481 1426 primum
502 1383 610 1416 tacite
630 1396 666 1416 se
688 1383 843 1415 invicem
863 1382 1118 1427 adspexmunt,
1148 1390 1223 1417 tum
1240 1385 1411 1431 lacrymas
1431 1393 1466 1420 et
1487 1388 1661 1433 ejulatum
1682 1392 1775 1426 inter
1792 1408 1828 1428 se

145 1444 367 1476 miscuerunt
395 1443 617 1487 aegritudine
642 1443 810 1488 oppressi.
862 1443 1019 1476 Tandem
1041 1445 1186 1478 tristitia
1217 1453 1381 1491 superata
1402 1448 1446 1481 de
1464 1448 1568 1483 rebus
1590 1452 1661 1485 suis
1678 1464 1829 1499 egerunt

142 1509 181 1536 et
201 1503 421 1547 propositum
449 1509 503 1536 est
531 1515 594 1548 per
625 1503 886 1538 internuntium
914 1504 996 1538 Alio
1017 1504 1160 1549 Jahjae:
1189 1513 1230 1540 ut
1249 1508 1344 1540 omni
1365 1507 1502 1542 ditione
1525 1511 1672 1546 Sultano
1695 1518 1826 1551 tradita

143 1564 301 1609 privatus
321 1563 458 1596 viveret
484 1564 622 1598 Dhafiri
642 1565 819 1610 Hadjdjae
840 1566 877 1598 in
898 1565 986 1599 urbe
1009 1576 1089 1599 cum
1110 1567 1287 1611 stipendio
1315 1569 1517 1612 Sultanico3
1543 1584 1649 1617 <suam
1670 1576 1699 1608 si
1724 1590 1826 1611 acce-

143 1627 251 1670 pisset
279 1624 537 1664 conditionem,
569 1626 613 1658 de
634 1626 779 1670 reliquis
807 1637 899 1670 quae
931 1627 1120 1659 statuenda
1145 1628 1354 1661 viderentur
1379 1630 1548 1676 deinceps
1576 1643 1730 1678 agerent.
1784 1640 1826 1672 ln

141 1699 185 1719 ρο
217 1685 335 1719 statim
370 1685 552 1730 acquievit
580 1685 682 1719 Alius
713 1686 838 1731 Jahja3
876 1686 1013 1731 rogavit
1044 1692 1182 1720 tantum
1201 1714 1208 1726 ,
1246 1695 1286 1722 ut
1317 1689 1416 1723 fratri
1448 1690 1694 1730 Gautseddino
1723 1699 1824 1733 simul

138 1760 204 1792 pax
225 1748 369 1780 claretur
389 1751 426 1779 et
443 1746 589 1779 ditionis
606 1759 689 1781 suae
710 1748 897 1793 imperium
915 1748 948 1780 ei
967 1748 1003 1780 in
1021 1753 1202 1792 posterum
1225 1751 1501 1792 concederetur,
1521 1758 1821 1800 quemadmodmn

136 1814 218 1841 ante
240 1808 468 1841 rebellionem
480 1834 487 1846 ,
515 1820 556 1842 ea
569 1808 792 1848 conditione,
812 1815 852 1842 ut
871 1815 1078 1854 apparatum
1097 1810 1182 1843 belli
1195 1811 1416 1847 Sultanicum
1428 1840 1435 1853 ,
1462 1827 1569 1860 quem
1581 1829 1701 1852 secum
1714 1820 1819 1854 hahe-

135 1871 198 1904 bat
218 1870 352 1908 Affuri,
380 1869 536 1903 Paschae
569 1871 734 1904 traderet.
786 1871 873 1905 Eam
898 1872 1112 1917 petitionem
1141 1878 1277 1911 autem,
1305 1880 1345 1908 ut
1372 1887 1392 1908 a
1421 1876 1552 1911 Sinano
1578 1879 1734 1915 Paschae
1765 1890 1818 1917 cat

135 1931 333 1976 proposita,
361 1931 421 1964 hic
441 1931 583 1965 omnino
605 1931 750 1975 rejecit,
778 1931 955 1966 affirmans
976 1934 1109 1966 nullam
1128 1933 1201 1967 sore
1222 1933 1469 1971 Gautseddino
1491 1939 1641 1974 salutem
1659 1943 1726 1975 nisi
1749 1950 1814 1976 tra-

135 1992 209 2025 dito
229 1992 345 2025 Affari
367 1992 519 2024 castello.
571 1992 730 2036 Reliquit
751 2004 833 2036 ergo
854 1993 957 2028 Alius
976 1994 1081 2039 Jahja
1099 1994 1216 2029 fratris
1238 2001 1273 2029 et
1294 1998 1381 2031 socii
1401 2001 1544 2045 negotia
1562 2008 1598 2035 et
1617 2015 1714 2036 suam
1738 2011 1812 2037 tan-

131 2060 209 2087 tum
229 2066 302 2086 rem
323 2064 446 2086 curare
475 2052 619 2097 incepit.
670 2053 853 2087 Traditum
884 2061 938 2088 est
956 2067 1052 2088 nunc
1080 2056 1226 2101 quidem
1245 2069 1346 2092 omne
1368 2059 1435 2093 hoe
1457 2063 1640 2107 negotium
1661 2064 1810 2103 Sinam),

130 2115 192 2160 qui
212 2126 293 2147 eum
314 2113 395 2146 Alio
416 2113 521 2158 Jahja
539 2114 706 2148 convenit
723 2127 843 2148 mense
863 2106 1036 2161 Djomada
1054 2118 1249 2162 posteriore
1269 2118 1377 2164 hujus
1399 2122 1498 2159 anni,
1527 2122 1809 2168 (Aprili-Majo);

129 2188 279 2220 eumque
302 2174 367 2207 sibi
390 2174 542 2208 invicem
561 2182 805 2215 occurrerent,
827 2189 952 2222 magna
973 2178 1231 2212 commiseratio
1251 2180 1439 2220 Sinanum,
1460 2182 1686 2216 durissimum
1709 2185 1808 2219 illum

127 2247 360 2280 severumque
383 2235 517 2273 virum,
551 2238 669 2281 tetigit
688 2243 723 2270 et
741 2249 902 2281 magnam
932 2239 1002 2272 vim
1030 2239 1262 2285 lacrymarum
1283 2241 1413 2274 effudit
1432 2247 1575 2286 propter
1595 2243 1688 2277 illius
1708 2247 1807 2290 prinu

124 2296 212 2342 cipis
233 2296 368 2332 tristem
389 2298 648 2337 conditionem,
675 2310 792 2345 neque
815 2299 860 2334 ob
879 2301 1060 2345 perditum
1089 2301 1165 2343 ejus
1197 2306 1327 2335 statum
1353 2301 1466 2345 primo
1497 2303 1659 2349 accipere
1690 2307 1804 2341 voluit

1094 2362 1124 2394 Ο
1743 2368 1807 2404 do-
