<?xml version="1.0" encoding="UTF-8"?>
<!DOCTYPE html PUBLIC "-//W3C//DTD XHTML 1.0 Transitional//EN"
    "http://www.w3.org/TR/xhtml1/DTD/xhtml1-transitional.dtd">
<html xmlns="http://www.w3.org/1999/xhtml" xml:lang="en" lang="en">
 <head>
  <title>
</title>
<meta http-equiv="Content-Type" content="text/html;charset=utf-8" />
  <meta name='ocr-system' content='tesseract 3.04.00' />
  <meta name='ocr-capabilities' content='ocr_page ocr_carea ocr_par ocr_line ocrx_word'/>
</head>
<body>
  <div class='ocr_page' id='page_1' title='image "./historiajemanaes00ruamuoft/historiajemanaes00ruamuoft_0049.png"; bbox 0 0 2055 2865; ppageno 0'>
   <div class='ocr_carea' id='block_1_1' title="bbox 888 138 1174 176">
    <p class='ocr_par' dir='ltr' id='par_1_1' title="bbox 888 138 1174 176">
     <span class='ocr_line' id='line_1_1' title="bbox 888 138 1174 176; baseline 0.003 -8"><span class='ocrx_word' id='word_1_1' title='bbox 888 138 1174 176; x_wconf 59' lang='lat'><strong>4-33—</strong></span> 
     </span>
    </p>
   </div>
   <div class='ocr_carea' id='block_1_2' title="bbox 161 232 1870 2178">
    <p class='ocr_par' dir='ltr' id='par_1_2' title="bbox 179 232 1870 712">
     <span class='ocr_line' id='line_1_2' title="bbox 194 232 1869 282; baseline 0.002 -10"><span class='ocrx_word' id='word_1_2' title='bbox 194 242 268 277; x_wconf 77' lang='lat' dir='ltr'><strong>tas,</strong></span> <span class='ocrx_word' id='word_1_3' title='bbox 294 234 380 271; x_wconf 84' lang='lat' dir='ltr'><strong>alias</strong></span> <span class='ocrx_word' id='word_1_4' title='bbox 398 239 479 281; x_wconf 87' lang='lat' dir='ltr'><strong>post</strong></span> <span class='ocrx_word' id='word_1_5' title='bbox 497 234 601 274; x_wconf 86' lang='lat' dir='ltr'><strong>alias,</strong></span> <span class='ocrx_word' id='word_1_6' title='bbox 628 232 810 270; x_wconf 83' lang='lat' dir='ltr'><strong>amitteret</strong></span> <span class='ocrx_word' id='word_1_7' title='bbox 827 238 935 282; x_wconf 87' lang='lat' dir='ltr'><strong>atque</strong></span> <span class='ocrx_word' id='word_1_8' title='bbox 954 235 1091 270; x_wconf 81' lang='lat' dir='ltr'><strong>interea</strong></span> <span class='ocrx_word' id='word_1_9' title='bbox 1118 233 1243 270; x_wconf 87' lang='lat' dir='ltr'><strong>Modaa</strong></span> <span class='ocrx_word' id='word_1_10' title='bbox 1263 235 1460 271; x_wconf 87' lang='lat' dir='ltr'><strong>arctissima</strong></span> <span class='ocrx_word' id='word_1_11' title='bbox 1490 236 1675 273; x_wconf 76' lang='lat' dir='ltr'><strong>obsidione</strong></span> <span class='ocrx_word' id='word_1_12' title='bbox 1697 249 1716 273; x_wconf 86' lang='lat' dir='ltr'><strong>a</strong></span> <span class='ocrx_word' id='word_1_13' title='bbox 1738 239 1869 276; x_wconf 86' lang='lat' dir='ltr'><strong>Sinano</strong></span> 
     </span>
     <span class='ocr_line' id='line_1_3' title="bbox 187 295 1870 347; baseline 0.002 -14"><span class='ocrx_word' id='word_1_14' title='bbox 187 300 398 344; x_wconf 76' lang='lat' dir='ltr'>cingeretur</span> <span class='ocrx_word' id='word_1_15' title='bbox 417 301 454 329; x_wconf 89' lang='lat' dir='ltr'><strong>et</strong></span> <span class='ocrx_word' id='word_1_16' title='bbox 472 295 515 329; x_wconf 90' lang='lat' dir='ltr'><strong>ad</strong></span> <span class='ocrx_word' id='word_1_17' title='bbox 534 295 789 330; x_wconf 89' lang='lat' dir='ltr'><strong>Hauschanum</strong></span> <span class='ocrx_word' id='word_1_18' title='bbox 807 295 947 341; x_wconf 88' lang='lat' dir='ltr'><strong>saepius</strong></span> <span class='ocrx_word' id='word_1_19' title='bbox 973 307 1054 329; x_wconf 89' lang='lat' dir='ltr'><strong>cum</strong></span> <span class='ocrx_word' id='word_1_20' title='bbox 1082 296 1310 332; x_wconf 86' lang='lat' dir='ltr'><strong>Defterdario</strong></span> <span class='ocrx_word' id='word_1_21' title='bbox 1341 298 1531 344; x_wconf 85' lang='lat' dir='ltr'><strong>Mustapha</strong></span> <span class='ocrx_word' id='word_1_22' title='bbox 1558 299 1743 335; x_wconf 87' lang='lat' dir='ltr'><strong>decertare</strong></span> <span class='ocrx_word' id='word_1_23' title='bbox 1770 313 1870 347; x_wconf 84' lang='lat' dir='ltr'><strong>coge-</strong></span> 
     </span>
     <span class='ocr_line' id='line_1_4' title="bbox 190 356 1865 405; baseline 0.001 -10"><span class='ocrx_word' id='word_1_24' title='bbox 190 365 310 398; x_wconf 78' lang='lat' dir='ltr'><strong>retur,</strong></span> <span class='ocrx_word' id='word_1_25' title='bbox 341 357 428 404; x_wconf 87' lang='lat' dir='ltr'><strong>quia</strong></span> <span class='ocrx_word' id='word_1_26' title='bbox 448 356 508 390; x_wconf 89' lang='lat' dir='ltr'><strong>hic</strong></span> <span class='ocrx_word' id='word_1_27' title='bbox 535 368 655 390; x_wconf 85' lang='lat' dir='ltr'><strong>omnes</strong></span> <span class='ocrx_word' id='word_1_28' title='bbox 680 356 777 390; x_wconf 86' lang='lat' dir='ltr'><strong>vicos</strong></span> <span class='ocrx_word' id='word_1_29' title='bbox 803 367 983 401; x_wconf 83' lang='lat' dir='ltr'>pagosque</span> <span class='ocrx_word' id='word_1_30' title='bbox 1008 356 1106 390; x_wconf 86' lang='lat' dir='ltr'><strong>circa</strong></span> <span class='ocrx_word' id='word_1_31' title='bbox 1145 357 1284 391; x_wconf 87' lang='lat' dir='ltr'><strong>Tsolam</strong></span> <span class='ocrx_word' id='word_1_32' title='bbox 1311 358 1455 392; x_wconf 86' lang='lat' dir='ltr'><strong>delebat</strong></span> <span class='ocrx_word' id='word_1_33' title='bbox 1483 371 1656 405; x_wconf 84' lang='lat' dir='ltr'>agrosque</span> <span class='ocrx_word' id='word_1_34' title='bbox 1684 361 1865 400; x_wconf 86' lang='lat' dir='ltr'><strong>vastabat,</strong></span> 
     </span>
     <span class='ocr_line' id='line_1_5' title="bbox 188 416 1863 461; baseline 0.001 -6"><span class='ocrx_word' id='word_1_35' title='bbox 188 418 316 456; x_wconf 83' lang='lat' dir='ltr'><strong>incolis</strong></span> <span class='ocrx_word' id='word_1_36' title='bbox 347 425 409 453; x_wconf 89' lang='lat' dir='ltr'><strong>aut</strong></span> <span class='ocrx_word' id='word_1_37' title='bbox 438 418 565 456; x_wconf 71' lang='lat' dir='ltr'><strong>occisis</strong></span> <span class='ocrx_word' id='word_1_38' title='bbox 593 423 656 450; x_wconf 88' lang='lat' dir='ltr'><strong>aut</strong></span> <span class='ocrx_word' id='word_1_39' title='bbox 684 416 870 461; x_wconf 81' lang='lat' dir='ltr'><strong>dispersis,</strong></span> <span class='ocrx_word' id='word_1_40' title='bbox 902 416 1122 461; x_wconf 84' lang='lat' dir='ltr'>aliquamdiu</span> <span class='ocrx_word' id='word_1_41' title='bbox 1154 419 1305 451; x_wconf 74' lang='lat' dir='ltr'><strong>maxima</strong></span> <span class='ocrx_word' id='word_1_42' title='bbox 1335 419 1420 452; x_wconf 84' lang='lat' dir='ltr'><strong>belli</strong></span> <span class='ocrx_word' id='word_1_43' title='bbox 1451 419 1503 453; x_wconf 78' lang='lat' dir='ltr'><strong>vis</strong></span> <span class='ocrx_word' id='word_1_44' title='bbox 1534 420 1578 454; x_wconf 87' lang='lat' dir='ltr'><strong>ad</strong></span> <span class='ocrx_word' id='word_1_45' title='bbox 1605 422 1863 457; x_wconf 87' lang='lat' dir='ltr'><strong>occidentalem</strong></span> 
     </span>
     <span class='ocr_line' id='line_1_6' title="bbox 186 477 1861 530; baseline 0.001 -12"><span class='ocrx_word' id='word_1_46' title='bbox 186 489 324 530; x_wconf 86' lang='lat' dir='ltr'><strong>partem</strong></span> <span class='ocrx_word' id='word_1_47' title='bbox 342 480 489 514; x_wconf 89' lang='lat' dir='ltr'><strong>ditionis</strong></span> <span class='ocrx_word' id='word_1_48' title='bbox 507 479 584 523; x_wconf 84' lang='lat' dir='ltr'><strong>ejus</strong></span> <span class='ocrx_word' id='word_1_49' title='bbox 605 477 675 511; x_wconf 85' lang='lat' dir='ltr'><strong>suit</strong></span> <span class='ocrx_word' id='word_1_50' title='bbox 696 477 875 512; x_wconf 77' lang='lat' dir='ltr'><strong>translata,</strong></span> <span class='ocrx_word' id='word_1_51' title='bbox 926 477 1063 510; x_wconf 83' lang='lat' dir='ltr'><strong>Ansam</strong></span> <span class='ocrx_word' id='word_1_52' title='bbox 1085 477 1172 512; x_wconf 89' lang='lat' dir='ltr'><strong>huic</strong></span> <span class='ocrx_word' id='word_1_53' title='bbox 1189 478 1240 511; x_wconf 87' lang='lat' dir='ltr'><strong>rei</strong></span> <span class='ocrx_word' id='word_1_54' title='bbox 1268 478 1369 512; x_wconf 81' lang='lat' dir='ltr'><strong>dedit</strong></span> <span class='ocrx_word' id='word_1_55' title='bbox 1396 479 1711 517; x_wconf 85' lang='lat' dir='ltr'><strong>Abdarrahmanus</strong></span> <span class='ocrx_word' id='word_1_56' title='bbox 1739 484 1761 518; x_wconf 82' lang='lat' dir='ltr'><strong>s.</strong></span> <span class='ocrx_word' id='word_1_57' title='bbox 1789 485 1861 519; x_wconf 91' lang='lat' dir='ltr'><strong>Mo-</strong></span> 
     </span>
     <span class='ocr_line' id='line_1_7' title="bbox 183 538 1860 586; baseline 0 -6"><span class='ocrx_word' id='word_1_58' title='bbox 183 543 370 581; x_wconf 78' lang='lat' dir='ltr'><strong>thahheri‚</strong></span> <span class='ocrx_word' id='word_1_59' title='bbox 396 541 560 586; x_wconf 82' lang='lat' dir='ltr'><strong>princeps</strong></span> <span class='ocrx_word' id='word_1_60' title='bbox 579 538 691 583; x_wconf 85' lang='lat' dir='ltr'><strong>partis</strong></span> <span class='ocrx_word' id='word_1_61' title='bbox 711 543 883 572; x_wconf 86' lang='lat' dir='ltr'><strong>terrarum</strong></span> <span class='ocrx_word' id='word_1_62' title='bbox 901 538 1080 583; x_wconf 84' lang='lat' dir='ltr'><strong>Hadjdjae</strong></span> <span class='ocrx_word' id='word_1_63' title='bbox 1099 544 1129 577; x_wconf 76' lang='lat'><strong>³,</strong></span> <span class='ocrx_word' id='word_1_64' title='bbox 1154 539 1217 585; x_wconf 92' lang='lat' dir='ltr'><strong>qui</strong></span> <span class='ocrx_word' id='word_1_65' title='bbox 1238 538 1307 572; x_wconf 92' lang='lat' dir='ltr'><strong>hoc</strong></span> <span class='ocrx_word' id='word_1_66' title='bbox 1326 545 1484 584; x_wconf 84' lang='lat' dir='ltr'><strong>tempore</strong></span> <span class='ocrx_word' id='word_1_67' title='bbox 1505 541 1623 577; x_wconf 81' lang='lat' dir='ltr'><strong>fratris</strong></span> <span class='ocrx_word' id='word_1_68' title='bbox 1644 545 1699 578; x_wconf 89' lang='lat' dir='ltr'><strong>sui</strong></span> <span class='ocrx_word' id='word_1_69' title='bbox 1711 546 1860 579; x_wconf 82' lang='lat' dir='ltr'><strong>societa—</strong></span> 
     </span>
     <span class='ocr_line' id='line_1_8' title="bbox 185 599 1863 650; baseline 0.002 -12"><span class='ocrx_word' id='word_1_70' title='bbox 185 612 258 640; x_wconf 80' lang='lat' dir='ltr'><strong>tem</strong></span> <span class='ocrx_word' id='word_1_71' title='bbox 277 602 433 637; x_wconf 87' lang='lat' dir='ltr'><strong>deseruit</strong></span> <span class='ocrx_word' id='word_1_72' title='bbox 451 599 594 645; x_wconf 87' lang='lat' dir='ltr'><strong>publice</strong></span> <span class='ocrx_word' id='word_1_73' title='bbox 616 604 652 632; x_wconf 88' lang='lat' dir='ltr'><strong>et</strong></span> <span class='ocrx_word' id='word_1_74' title='bbox 673 599 717 632; x_wconf 90' lang='lat' dir='ltr'><strong>ad</strong></span> <span class='ocrx_word' id='word_1_75' title='bbox 738 599 920 633; x_wconf 82' lang='lat' dir='ltr'><strong>Hasanum</strong></span> <span class='ocrx_word' id='word_1_76' title='bbox 935 599 1109 634; x_wconf 85' lang='lat' dir='ltr'><strong>Pascham</strong></span> <span class='ocrx_word' id='word_1_77' title='bbox 1127 612 1164 634; x_wconf 90' lang='lat' dir='ltr'><strong>se</strong></span> <span class='ocrx_word' id='word_1_78' title='bbox 1184 600 1371 635; x_wconf 82' lang='lat' dir='ltr'><strong>convertit.</strong></span> <span class='ocrx_word' id='word_1_79' title='bbox 1422 600 1531 646; x_wconf 85' lang='lat' dir='ltr'><strong>Cujus</strong></span> <span class='ocrx_word' id='word_1_80' title='bbox 1554 604 1741 650; x_wconf 84' lang='lat' dir='ltr'><strong>transfugii</strong></span> <span class='ocrx_word' id='word_1_81' title='bbox 1756 618 1863 641; x_wconf 87' lang='lat' dir='ltr'><strong>causa</strong></span> 
     </span>
     <span class='ocr_line' id='line_1_9' title="bbox 179 660 726 712; baseline -0.011 -13"><span class='ocrx_word' id='word_1_82' title='bbox 179 664 299 712; x_wconf 83' lang='lat' dir='ltr'><strong>paullo</strong></span> <span class='ocrx_word' id='word_1_83' title='bbox 320 663 426 696; x_wconf 85' lang='lat' dir='ltr'><strong>altius</strong></span> <span class='ocrx_word' id='word_1_84' title='bbox 447 667 501 695; x_wconf 87' lang='lat' dir='ltr'><strong>est</strong></span> <span class='ocrx_word' id='word_1_85' title='bbox 520 660 726 706; x_wconf 87' lang='lat' dir='ltr'><strong>repetenda.</strong></span> 
     </span>
    </p>

    <p class='ocr_par' dir='ltr' id='par_1_3' title="bbox 161 721 1862 2178">
     <span class='ocr_line' id='line_1_10' title="bbox 228 721 1862 770; baseline 0 -9"><span class='ocrx_word' id='word_1_86' title='bbox 228 725 353 761; x_wconf 87' lang='lat' dir='ltr'>Paullo</span> <span class='ocrx_word' id='word_1_87' title='bbox 374 728 453 769; x_wconf 89' lang='lat' dir='ltr'><strong>post</strong></span> <span class='ocrx_word' id='word_1_88' title='bbox 472 722 610 756; x_wconf 90' lang='lat' dir='ltr'><strong>obitum</strong></span> <span class='ocrx_word' id='word_1_89' title='bbox 631 721 759 756; x_wconf 81' lang='lat' dir='ltr'><strong>Imaini</strong></span> <span class='ocrx_word' id='word_1_90' title='bbox 783 721 1029 762; x_wconf 87' lang='lat' dir='ltr'><strong>Mothahheri,</strong></span> <span class='ocrx_word' id='word_1_91' title='bbox 1057 734 1150 757; x_wconf 88' lang='lat' dir='ltr'><strong>anno</strong></span> <span class='ocrx_word' id='word_1_92' title='bbox 1176 722 1243 758; x_wconf 82' lang='lat'><strong>981</strong></span> <span class='ocrx_word' id='word_1_93' title='bbox 1270 722 1499 770; x_wconf 88' lang='lat'>(1573—4)</span> <span class='ocrx_word' id='word_1_94' title='bbox 1527 723 1716 760; x_wconf 82' lang='lat' dir='ltr'><strong>dissidium</strong></span> <span class='ocrx_word' id='word_1_95' title='bbox 1745 733 1862 762; x_wconf 84' lang='lat' dir='ltr'><strong>ortum</strong></span> 
     </span>
     <span class='ocr_line' id='line_1_11' title="bbox 182 783 1857 831; baseline 0 -9"><span class='ocrx_word' id='word_1_96' title='bbox 182 792 260 822; x_wconf 87' lang='lat' dir='ltr'><strong>erat</strong></span> <span class='ocrx_word' id='word_1_97' title='bbox 271 787 365 820; x_wconf 87' lang='lat' dir='ltr'><strong>iuter</strong></span> <span class='ocrx_word' id='word_1_98' title='bbox 383 784 505 818; x_wconf 86' lang='lat' dir='ltr'><strong>Alium</strong></span> <span class='ocrx_word' id='word_1_99' title='bbox 525 783 668 829; x_wconf 70' lang='lat' dir='ltr'><strong>Jahjam</strong></span> <span class='ocrx_word' id='word_1_100' title='bbox 680 783 1059 818; x_wconf 86' lang='lat' dir='ltr'><strong>ctAbdarrahmanum</strong></span> <span class='ocrx_word' id='word_1_101' title='bbox 1077 784 1149 818; x_wconf 91' lang='lat' dir='ltr'><strong>huc</strong></span> <span class='ocrx_word' id='word_1_102' title='bbox 1167 797 1280 831; x_wconf 87' lang='lat' dir='ltr'><strong>usque</strong></span> <span class='ocrx_word' id='word_1_103' title='bbox 1301 786 1531 820; x_wconf 87' lang='lat' dir='ltr'><strong>amicissimos</strong></span> <span class='ocrx_word' id='word_1_104' title='bbox 1552 787 1647 820; x_wconf 89' lang='lat' dir='ltr'><strong>inter</strong></span> <span class='ocrx_word' id='word_1_105' title='bbox 1658 799 1695 821; x_wconf 90' lang='lat' dir='ltr'><strong>se</strong></span> <span class='ocrx_word' id='word_1_106' title='bbox 1716 788 1857 822; x_wconf 84' lang='lat' dir='ltr'><strong>fratres:</strong></span> 
     </span>
     <span class='ocr_line' id='line_1_12' title="bbox 180 845 1856 889; baseline 0 -5"><span class='ocrx_word' id='word_1_107' title='bbox 180 845 242 884; x_wconf 79' lang='lat' dir='ltr'><strong>hic</strong></span> <span class='ocrx_word' id='word_1_108' title='bbox 261 848 357 882; x_wconf 86' lang='lat' dir='ltr'><strong>enim</strong></span> <span class='ocrx_word' id='word_1_109' title='bbox 375 859 410 880; x_wconf 91' lang='lat' dir='ltr'><strong>se</strong></span> <span class='ocrx_word' id='word_1_110' title='bbox 432 845 565 889; x_wconf 83' lang='lat' dir='ltr'><strong>injuria</strong></span> <span class='ocrx_word' id='word_1_111' title='bbox 585 845 756 878; x_wconf 75' lang='lat' dir='ltr'><strong>affectum</strong></span> <span class='ocrx_word' id='word_1_112' title='bbox 784 845 994 879; x_wconf 82' lang='lat' dir='ltr'>autumabat</span> <span class='ocrx_word' id='word_1_113' title='bbox 1030 846 1074 879; x_wconf 89' lang='lat' dir='ltr'><strong>ab</strong></span> <span class='ocrx_word' id='word_1_114' title='bbox 1104 846 1199 880; x_wconf 88' lang='lat' dir='ltr'><strong>illius</strong></span> <span class='ocrx_word' id='word_1_115' title='bbox 1230 846 1355 881; x_wconf 79' lang='lat' dir='ltr'><strong>Vesiro</strong></span> <span class='ocrx_word' id='word_1_116' title='bbox 1382 847 1467 881; x_wconf 87' lang='lat' dir='ltr'><strong>Alio</strong></span> <span class='ocrx_word' id='word_1_117' title='bbox 1497 848 1519 881; x_wconf 85' lang='lat' dir='ltr'><strong>s.</strong></span> <span class='ocrx_word' id='word_1_118' title='bbox 1546 847 1718 882; x_wconf 86' lang='lat' dir='ltr'><strong>Ahmedis</strong></span> <span class='ocrx_word' id='word_1_119' title='bbox 1747 855 1784 883; x_wconf 87' lang='lat' dir='ltr'><strong>et</strong></span> <span class='ocrx_word' id='word_1_120' title='bbox 1814 862 1856 884; x_wconf 91' lang='lat' dir='ltr'><strong>eo</strong></span> 
     </span>
     <span class='ocr_line' id='line_1_13' title="bbox 180 904 1858 956; baseline 0 -12"><span class='ocrx_word' id='word_1_121' title='bbox 180 922 293 956; x_wconf 82' lang='lat' dir='ltr'><strong>usque</strong></span> <span class='ocrx_word' id='word_1_122' title='bbox 312 909 513 941; x_wconf 80' lang='lat' dir='ltr'><strong>increverat</strong></span> <span class='ocrx_word' id='word_1_123' title='bbox 532 904 654 939; x_wconf 89' lang='lat' dir='ltr'><strong>odium</strong></span> <span class='ocrx_word' id='word_1_124' title='bbox 675 905 842 945; x_wconf 83' lang='lat' dir='ltr'><strong>fratrum,</strong></span> <span class='ocrx_word' id='word_1_125' title='bbox 869 919 1022 953; x_wconf 89' lang='lat' dir='ltr'><strong>quorum</strong></span> <span class='ocrx_word' id='word_1_126' title='bbox 1049 908 1155 946; x_wconf 80' lang='lat' dir='ltr'><strong>alter,</strong></span> <span class='ocrx_word' id='word_1_127' title='bbox 1182 913 1223 942; x_wconf 93' lang='lat' dir='ltr'><strong>ut</strong></span> <span class='ocrx_word' id='word_1_128' title='bbox 1245 914 1320 942; x_wconf 86' lang='lat' dir='ltr'><strong>erat</strong></span> <span class='ocrx_word' id='word_1_129' title='bbox 1349 908 1542 942; x_wconf 87' lang='lat' dir='ltr'><strong>iracundus</strong></span> <span class='ocrx_word' id='word_1_130' title='bbox 1564 915 1600 943; x_wconf 92' lang='lat' dir='ltr'><strong>et</strong></span> <span class='ocrx_word' id='word_1_131' title='bbox 1621 921 1720 949; x_wconf 87' lang='lat' dir='ltr'><strong>acer,</strong></span> <span class='ocrx_word' id='word_1_132' title='bbox 1748 911 1858 944; x_wconf 89' lang='lat' dir='ltr'><strong>ultio-</strong></span> 
     </span>
     <span class='ocr_line' id='line_1_14' title="bbox 177 967 1858 1016; baseline 0 -10"><span class='ocrx_word' id='word_1_133' title='bbox 177 972 236 1006; x_wconf 80' lang='lat' dir='ltr'><strong>nis</strong></span> <span class='ocrx_word' id='word_1_134' title='bbox 266 967 526 1004; x_wconf 85' lang='lat' dir='ltr'><strong>amantissimus</strong></span> <span class='ocrx_word' id='word_1_135' title='bbox 554 972 591 1000; x_wconf 85' lang='lat' dir='ltr'><strong>et</strong></span> <span class='ocrx_word' id='word_1_136' title='bbox 617 967 706 1000; x_wconf 87' lang='lat' dir='ltr'><strong>nulli</strong></span> <span class='ocrx_word' id='word_1_137' title='bbox 728 979 884 1013; x_wconf 91' lang='lat' dir='ltr'><strong>unquam</strong></span> <span class='ocrx_word' id='word_1_138' title='bbox 910 968 1084 1015; x_wconf 85' lang='lat' dir='ltr'><strong>offensam</strong></span> <span class='ocrx_word' id='word_1_139' title='bbox 1113 968 1336 1007; x_wconf 76' lang='lat' dir='ltr'><strong>condonans,</strong></span> <span class='ocrx_word' id='word_1_140' title='bbox 1371 970 1522 1002; x_wconf 71' lang='lat' dir='ltr'><strong>maxima</strong></span> <span class='ocrx_word' id='word_1_141' title='bbox 1555 982 1635 1004; x_wconf 89' lang='lat' dir='ltr'><strong>cum</strong></span> <span class='ocrx_word' id='word_1_142' title='bbox 1654 972 1858 1016; x_wconf 85' lang='lat' dir='ltr'><strong>pervicacia</strong></span> 
     </span>
     <span class='ocr_line' id='line_1_15' title="bbox 178 1027 1854 1074; baseline 0.001 -8"><span class='ocrx_word' id='word_1_143' title='bbox 178 1031 376 1066; x_wconf 77' lang='lat' dir='ltr'><strong>vindictam</strong></span> <span class='ocrx_word' id='word_1_144' title='bbox 404 1027 574 1074; x_wconf 88' lang='lat' dir='ltr'><strong>poscebat</strong></span> <span class='ocrx_word' id='word_1_145' title='bbox 601 1038 761 1072; x_wconf 81' lang='lat' dir='ltr'><strong>gravem,</strong></span> <span class='ocrx_word' id='word_1_146' title='bbox 797 1028 905 1067; x_wconf 88' lang='lat' dir='ltr'><strong>alter,</strong></span> <span class='ocrx_word' id='word_1_147' title='bbox 942 1028 1059 1063; x_wconf 89' lang='lat' dir='ltr'><strong>Vesiri</strong></span> <span class='ocrx_word' id='word_1_148' title='bbox 1085 1033 1122 1062; x_wconf 87' lang='lat' dir='ltr'><strong>et</strong></span> <span class='ocrx_word' id='word_1_149' title='bbox 1149 1028 1277 1062; x_wconf 83' lang='lat' dir='ltr'><strong>adfinis</strong></span> <span class='ocrx_word' id='word_1_150' title='bbox 1304 1029 1530 1063; x_wconf 83' lang='lat' dir='ltr'><strong>dilectissimi</strong></span> <span class='ocrx_word' id='word_1_151' title='bbox 1559 1043 1676 1065; x_wconf 87' lang='lat' dir='ltr'><strong>amore</strong></span> <span class='ocrx_word' id='word_1_152' title='bbox 1704 1032 1854 1073; x_wconf 84' lang='lat' dir='ltr'><strong>ductus,</strong></span> 
     </span>
     <span class='ocr_line' id='line_1_16' title="bbox 175 1087 1851 1140; baseline 0 -13"><span class='ocrx_word' id='word_1_153' title='bbox 175 1104 317 1140; x_wconf 79' lang='lat' dir='ltr'><strong>prorsus</strong></span> <span class='ocrx_word' id='word_1_154' title='bbox 338 1102 415 1124; x_wconf 87' lang='lat' dir='ltr'><strong>eam</strong></span> <span class='ocrx_word' id='word_1_155' title='bbox 440 1088 646 1127; x_wconf 80' lang='lat' dir='ltr'><strong>recusabat,</strong></span> <span class='ocrx_word' id='word_1_156' title='bbox 672 1093 714 1122; x_wconf 85' lang='lat' dir='ltr'><strong>ut</strong></span> <span class='ocrx_word' id='word_1_157' title='bbox 743 1087 837 1122; x_wconf 86' lang='lat' dir='ltr'><strong>bello</strong></span> <span class='ocrx_word' id='word_1_158' title='bbox 865 1101 901 1123; x_wconf 88' lang='lat' dir='ltr'><strong>se</strong></span> <span class='ocrx_word' id='word_1_159' title='bbox 928 1089 1081 1123; x_wconf 89' lang='lat' dir='ltr'><strong>invicem</strong></span> <span class='ocrx_word' id='word_1_160' title='bbox 1099 1090 1299 1135; x_wconf 80' lang='lat' dir='ltr'><strong>petiverint</strong></span> <span class='ocrx_word' id='word_1_161' title='bbox 1320 1096 1357 1124; x_wconf 87' lang='lat' dir='ltr'><strong>et</strong></span> <span class='ocrx_word' id='word_1_162' title='bbox 1384 1091 1482 1124; x_wconf 84' lang='lat' dir='ltr'><strong>varia</strong></span> <span class='ocrx_word' id='word_1_163' title='bbox 1511 1090 1655 1125; x_wconf 82' lang='lat' dir='ltr'><strong>fortuna</strong></span> <span class='ocrx_word' id='word_1_164' title='bbox 1679 1093 1851 1139; x_wconf 87' lang='lat' dir='ltr'><strong>aliquam-</strong></span> 
     </span>
     <span class='ocr_line' id='line_1_17' title="bbox 172 1149 1852 1199; baseline 0.003 -14"><span class='ocrx_word' id='word_1_165' title='bbox 172 1154 237 1189; x_wconf 75' lang='lat' dir='ltr'><strong>diu</strong></span> <span class='ocrx_word' id='word_1_166' title='bbox 272 1151 520 1199; x_wconf 86' lang='lat' dir='ltr'><strong>pugnaverint.</strong></span> <span class='ocrx_word' id='word_1_167' title='bbox 579 1149 657 1183; x_wconf 81' lang='lat' dir='ltr'><strong>Hoc</strong></span> <span class='ocrx_word' id='word_1_168' title='bbox 692 1149 730 1183; x_wconf 85' lang='lat' dir='ltr'><strong>in</strong></span> <span class='ocrx_word' id='word_1_169' title='bbox 760 1150 854 1184; x_wconf 87' lang='lat' dir='ltr'><strong>bello</strong></span> <span class='ocrx_word' id='word_1_170' title='bbox 893 1151 1126 1190; x_wconf 86' lang='lat' dir='ltr'><strong>Izzeddinus,</strong></span> <span class='ocrx_word' id='word_1_171' title='bbox 1161 1152 1328 1197; x_wconf 88' lang='lat' dir='ltr'><strong>princeps</strong></span> <span class='ocrx_word' id='word_1_172' title='bbox 1367 1152 1596 1192; x_wconf 88' lang='lat' dir='ltr'><strong>Caucabani,</strong></span> <span class='ocrx_word' id='word_1_173' title='bbox 1635 1159 1785 1189; x_wconf 85' lang='lat' dir='ltr'><strong>steterat</strong></span> <span class='ocrx_word' id='word_1_174' title='bbox 1814 1157 1852 1191; x_wconf 87' lang='lat' dir='ltr'><strong>in</strong></span> 
     </span>
     <span class='ocr_line' id='line_1_18' title="bbox 169 1212 1849 1261; baseline 0.002 -13"><span class='ocrx_word' id='word_1_175' title='bbox 169 1213 330 1261; x_wconf 87' lang='lat' dir='ltr'><strong>partibus</strong></span> <span class='ocrx_word' id='word_1_176' title='bbox 351 1212 426 1248; x_wconf 89' lang='lat' dir='ltr'><strong>Alii</strong></span> <span class='ocrx_word' id='word_1_177' title='bbox 442 1212 569 1259; x_wconf 86' lang='lat' dir='ltr'><strong>Jahjae</strong></span> <span class='ocrx_word' id='word_1_178' title='bbox 588 1223 668 1246; x_wconf 90' lang='lat' dir='ltr'><strong>cum</strong></span> <span class='ocrx_word' id='word_1_179' title='bbox 687 1224 823 1246; x_wconf 88' lang='lat' dir='ltr'><strong>summa</strong></span> <span class='ocrx_word' id='word_1_180' title='bbox 853 1213 1072 1252; x_wconf 87' lang='lat' dir='ltr'><strong>constantia,</strong></span> <span class='ocrx_word' id='word_1_181' title='bbox 1099 1224 1182 1246; x_wconf 87' lang='lat' dir='ltr'><strong>eum</strong></span> <span class='ocrx_word' id='word_1_182' title='bbox 1202 1212 1351 1257; x_wconf 70' lang='lat' dir='ltr'><strong>juverat</strong></span> <span class='ocrx_word' id='word_1_183' title='bbox 1381 1226 1462 1248; x_wconf 89' lang='lat' dir='ltr'><strong>cum</strong></span> <span class='ocrx_word' id='word_1_184' title='bbox 1493 1215 1602 1260; x_wconf 87' lang='lat' dir='ltr'><strong>copiis</strong></span> <span class='ocrx_word' id='word_1_185' title='bbox 1628 1216 1699 1249; x_wconf 90' lang='lat' dir='ltr'><strong>suis</strong></span> <span class='ocrx_word' id='word_1_186' title='bbox 1722 1222 1759 1250; x_wconf 91' lang='lat' dir='ltr'><strong>et</strong></span> <span class='ocrx_word' id='word_1_187' title='bbox 1777 1229 1849 1251; x_wconf 88' lang='lat' dir='ltr'><strong>om-</strong></span> 
     </span>
     <span class='ocr_line' id='line_1_19' title="bbox 169 1274 1851 1320; baseline 0.001 -9"><span class='ocrx_word' id='word_1_188' title='bbox 169 1287 254 1312; x_wconf 85' lang='lat' dir='ltr'><strong>nem</strong></span> <span class='ocrx_word' id='word_1_189' title='bbox 281 1275 495 1309; x_wconf 84' lang='lat' dir='ltr'><strong>adhibuerat</strong></span> <span class='ocrx_word' id='word_1_190' title='bbox 533 1286 676 1320; x_wconf 83' lang='lat' dir='ltr'><strong>operam</strong></span> <span class='ocrx_word' id='word_1_191' title='bbox 706 1274 751 1308; x_wconf 91' lang='lat' dir='ltr'><strong>ad</strong></span> <span class='ocrx_word' id='word_1_192' title='bbox 777 1274 993 1308; x_wconf 89' lang='lat' dir='ltr'><strong>laedendum</strong></span> <span class='ocrx_word' id='word_1_193' title='bbox 1019 1280 1057 1308; x_wconf 92' lang='lat' dir='ltr'><strong>et</strong></span> <span class='ocrx_word' id='word_1_194' title='bbox 1083 1274 1337 1309; x_wconf 87' lang='lat' dir='ltr'><strong>debellandum</strong></span> <span class='ocrx_word' id='word_1_195' title='bbox 1366 1274 1711 1310; x_wconf 85' lang='lat' dir='ltr'><strong>Abdarralunanum.</strong></span> <span class='ocrx_word' id='word_1_196' title='bbox 1771 1278 1851 1313; x_wconf 89' lang='lat' dir='ltr'><strong>Hoc</strong></span> 
     </span>
     <span class='ocr_line' id='line_1_20' title="bbox 167 1335 1850 1384; baseline 0 -12"><span class='ocrx_word' id='word_1_197' title='bbox 167 1338 247 1384; x_wconf 80' lang='lat' dir='ltr'><strong>ejus</strong></span> <span class='ocrx_word' id='word_1_198' title='bbox 268 1337 446 1372; x_wconf 85' lang='lat' dir='ltr'><strong>constanti</strong></span> <span class='ocrx_word' id='word_1_199' title='bbox 466 1336 597 1370; x_wconf 76' lang='lat' dir='ltr'><strong>auxilio</strong></span> <span class='ocrx_word' id='word_1_200' title='bbox 618 1336 789 1379; x_wconf 82' lang='lat' dir='ltr'><strong>effectum</strong></span> <span class='ocrx_word' id='word_1_201' title='bbox 814 1342 908 1376; x_wconf 85' lang='lat' dir='ltr'><strong>erat,</strong></span> <span class='ocrx_word' id='word_1_202' title='bbox 935 1341 977 1371; x_wconf 87' lang='lat' dir='ltr'><strong>ut</strong></span> <span class='ocrx_word' id='word_1_203' title='bbox 1007 1336 1111 1370; x_wconf 90' lang='lat' dir='ltr'><strong>Alius</strong></span> <span class='ocrx_word' id='word_1_204' title='bbox 1132 1336 1238 1380; x_wconf 84' lang='lat' dir='ltr'><strong>Jahja</strong></span> <span class='ocrx_word' id='word_1_205' title='bbox 1270 1335 1415 1370; x_wconf 88' lang='lat' dir='ltr'><strong>tandem</strong></span> <span class='ocrx_word' id='word_1_206' title='bbox 1445 1338 1605 1382; x_wconf 87' lang='lat' dir='ltr'><strong>superior</strong></span> <span class='ocrx_word' id='word_1_207' title='bbox 1630 1338 1733 1372; x_wconf 87' lang='lat' dir='ltr'><strong>fieret</strong></span> <span class='ocrx_word' id='word_1_208' title='bbox 1754 1345 1790 1372; x_wconf 91' lang='lat' dir='ltr'><strong>et</strong></span> <span class='ocrx_word' id='word_1_209' title='bbox 1812 1341 1850 1375; x_wconf 86' lang='lat' dir='ltr'><strong>in</strong></span> 
     </span>
     <span class='ocr_line' id='line_1_21' title="bbox 167 1397 1847 1444; baseline 0 -9"><span class='ocrx_word' id='word_1_210' title='bbox 167 1410 211 1435; x_wconf 88' lang='lat' dir='ltr'><strong>eo</strong></span> <span class='ocrx_word' id='word_1_211' title='bbox 228 1405 338 1439; x_wconf 87' lang='lat' dir='ltr'><strong>esset,</strong></span> <span class='ocrx_word' id='word_1_212' title='bbox 364 1405 406 1433; x_wconf 91' lang='lat' dir='ltr'><strong>ut</strong></span> <span class='ocrx_word' id='word_1_213' title='bbox 427 1398 762 1433; x_wconf 85' lang='lat' dir='ltr'><strong>Abdarrahmanum</strong></span> <span class='ocrx_word' id='word_1_214' title='bbox 782 1398 930 1444; x_wconf 89' lang='lat' dir='ltr'><strong>imperio</strong></span> <span class='ocrx_word' id='word_1_215' title='bbox 949 1403 986 1431; x_wconf 90' lang='lat' dir='ltr'><strong>et</strong></span> <span class='ocrx_word' id='word_1_216' title='bbox 1003 1397 1140 1431; x_wconf 86' lang='lat' dir='ltr'><strong>ditione</strong></span> <span class='ocrx_word' id='word_1_217' title='bbox 1161 1397 1257 1431; x_wconf 88' lang='lat' dir='ltr'><strong>omni</strong></span> <span class='ocrx_word' id='word_1_218' title='bbox 1278 1403 1433 1431; x_wconf 82' lang='lat' dir='ltr'><strong>exueret.</strong></span> <span class='ocrx_word' id='word_1_219' title='bbox 1485 1398 1564 1431; x_wconf 89' lang='lat' dir='ltr'><strong>Jam</strong></span> <span class='ocrx_word' id='word_1_220' title='bbox 1587 1410 1671 1432; x_wconf 88' lang='lat' dir='ltr'><strong>vero</strong></span> <span class='ocrx_word' id='word_1_221' title='bbox 1692 1398 1847 1435; x_wconf 77' lang='lat' dir='ltr'><strong>Abdalla</strong></span> 
     </span>
     <span class='ocr_line' id='line_1_22' title="bbox 166 1458 1850 1506; baseline 0.001 -12"><span class='ocrx_word' id='word_1_222' title='bbox 166 1465 207 1498; x_wconf 79' lang='lat' dir='ltr'><strong>et</strong></span> <span class='ocrx_word' id='word_1_223' title='bbox 224 1460 409 1494; x_wconf 83' lang='lat' dir='ltr'><strong>Hisdhalla</strong></span> <span class='ocrx_word' id='word_1_224' title='bbox 425 1460 460 1499; x_wconf 79' lang='lat' dir='ltr'><strong>b,</strong></span> <span class='ocrx_word' id='word_1_225' title='bbox 495 1460 567 1493; x_wconf 89' lang='lat' dir='ltr'><strong>duo</strong></span> <span class='ocrx_word' id='word_1_226' title='bbox 593 1460 719 1493; x_wconf 86' lang='lat' dir='ltr'><strong>itidem</strong></span> <span class='ocrx_word' id='word_1_227' title='bbox 745 1460 811 1493; x_wconf 88' lang='lat' dir='ltr'><strong>filii</strong></span> <span class='ocrx_word' id='word_1_228' title='bbox 840 1459 968 1492; x_wconf 87' lang='lat' dir='ltr'><strong>Imami</strong></span> <span class='ocrx_word' id='word_1_229' title='bbox 995 1458 1242 1497; x_wconf 88' lang='lat' dir='ltr'><strong>Mothahheri,</strong></span> <span class='ocrx_word' id='word_1_230' title='bbox 1277 1459 1530 1492; x_wconf 86' lang='lat' dir='ltr'><strong>auctoritatem</strong></span> <span class='ocrx_word' id='word_1_231' title='bbox 1558 1459 1850 1506; x_wconf 81' lang='lat' dir='ltr'><strong>interposuerant</strong></span> 
     </span>
     <span class='ocr_line' id='line_1_23' title="bbox 167 1518 1849 1566; baseline 0.001 -11"><span class='ocrx_word' id='word_1_232' title='bbox 167 1531 270 1556; x_wconf 84' lang='lat' dir='ltr'><strong>suam</strong></span> <span class='ocrx_word' id='word_1_233' title='bbox 289 1526 326 1554; x_wconf 87' lang='lat' dir='ltr'><strong>et</strong></span> <span class='ocrx_word' id='word_1_234' title='bbox 343 1521 484 1553; x_wconf 87' lang='lat' dir='ltr'><strong>illorum</strong></span> <span class='ocrx_word' id='word_1_235' title='bbox 513 1531 555 1553; x_wconf 80' lang='lat' dir='ltr'><strong>ex</strong></span> <span class='ocrx_word' id='word_1_236' title='bbox 582 1519 784 1559; x_wconf 86' lang='lat' dir='ltr'><strong>voluntate,</strong></span> <span class='ocrx_word' id='word_1_237' title='bbox 811 1519 1057 1566; x_wconf 84' lang='lat' dir='ltr'><strong>nequidquam</strong></span> <span class='ocrx_word' id='word_1_238' title='bbox 1087 1518 1274 1553; x_wconf 81' lang='lat' dir='ltr'><strong>obnitente</strong></span> <span class='ocrx_word' id='word_1_239' title='bbox 1304 1519 1515 1559; x_wconf 82' lang='lat' dir='ltr'><strong>Izzeddino,</strong></span> <span class='ocrx_word' id='word_1_240' title='bbox 1548 1520 1716 1555; x_wconf 83' lang='lat' dir='ltr'><strong>induciae</strong></span> <span class='ocrx_word' id='word_1_241' title='bbox 1745 1527 1849 1557; x_wconf 81' lang='lat' dir='ltr'><strong>erant</strong></span> 
     </span>
     <span class='ocr_line' id='line_1_24' title="bbox 170 1579 1846 1626; baseline 0.001 -10"><span class='ocrx_word' id='word_1_242' title='bbox 170 1581 304 1619; x_wconf 83' lang='lat' dir='ltr'><strong>sactae,</strong></span> <span class='ocrx_word' id='word_1_243' title='bbox 330 1593 418 1626; x_wconf 86' lang='lat' dir='ltr'><strong>quas</strong></span> <span class='ocrx_word' id='word_1_244' title='bbox 433 1593 502 1625; x_wconf 82' lang='lat' dir='ltr'><strong>pax</strong></span> <span class='ocrx_word' id='word_1_245' title='bbox 530 1581 630 1614; x_wconf 79' lang='lat' dir='ltr'><strong>brevi</strong></span> <span class='ocrx_word' id='word_1_246' title='bbox 649 1588 703 1614; x_wconf 85' lang='lat' dir='ltr'><strong>est</strong></span> <span class='ocrx_word' id='word_1_247' title='bbox 729 1587 862 1615; x_wconf 87' lang='lat' dir='ltr'><strong>secuta.</strong></span> <span class='ocrx_word' id='word_1_248' title='bbox 914 1580 1005 1613; x_wconf 91' lang='lat' dir='ltr'><strong>Inde</strong></span> <span class='ocrx_word' id='word_1_249' title='bbox 1026 1579 1071 1612; x_wconf 86' lang='lat' dir='ltr'><strong>ab</strong></span> <span class='ocrx_word' id='word_1_250' title='bbox 1099 1580 1159 1613; x_wconf 80' lang='lat' dir='ltr'><strong>isso</strong></span> <span class='ocrx_word' id='word_1_251' title='bbox 1189 1586 1346 1625; x_wconf 86' lang='lat' dir='ltr'><strong>tempore</strong></span> <span class='ocrx_word' id='word_1_252' title='bbox 1378 1581 1695 1615; x_wconf 87' lang='lat' dir='ltr'><strong>Abdarrahmanus</strong></span> <span class='ocrx_word' id='word_1_253' title='bbox 1727 1583 1846 1618; x_wconf 78' lang='lat' dir='ltr'><strong>socius</strong></span> 
     </span>
     <span class='ocr_line' id='line_1_25' title="bbox 167 1640 1846 1686; baseline 0 -9"><span class='ocrx_word' id='word_1_254' title='bbox 167 1647 344 1677; x_wconf 82' lang='lat' dir='ltr'><strong>manserat</strong></span> <span class='ocrx_word' id='word_1_255' title='bbox 362 1641 436 1674; x_wconf 87' lang='lat' dir='ltr'><strong>Alii</strong></span> <span class='ocrx_word' id='word_1_256' title='bbox 457 1640 604 1685; x_wconf 84' lang='lat' dir='ltr'><strong>Jahjae,</strong></span> <span class='ocrx_word' id='word_1_257' title='bbox 632 1642 694 1675; x_wconf 88' lang='lat' dir='ltr'><strong>sed</strong></span> <span class='ocrx_word' id='word_1_258' title='bbox 715 1641 883 1674; x_wconf 89' lang='lat' dir='ltr'><strong>manebat</strong></span> <span class='ocrx_word' id='word_1_259' title='bbox 901 1641 973 1673; x_wconf 89' lang='lat' dir='ltr'><strong>alta</strong></span> <span class='ocrx_word' id='word_1_260' title='bbox 992 1645 1112 1673; x_wconf 88' lang='lat' dir='ltr'><strong>mente</strong></span> <span class='ocrx_word' id='word_1_261' title='bbox 1138 1640 1365 1673; x_wconf 84' lang='lat' dir='ltr'><strong>reconditum</strong></span> <span class='ocrx_word' id='word_1_262' title='bbox 1385 1640 1507 1673; x_wconf 91' lang='lat' dir='ltr'><strong>odium</strong></span> <span class='ocrx_word' id='word_1_263' title='bbox 1534 1641 1846 1686; x_wconf 86' lang='lat' dir='ltr'><strong>flagrantissimum</strong></span> 
     </span>
     <span class='ocr_line' id='line_1_26' title="bbox 164 1701 1846 1749; baseline 0.002 -12"><span class='ocrx_word' id='word_1_264' title='bbox 164 1715 248 1749; x_wconf 84' lang='lat' dir='ltr'><strong>erga</strong></span> <span class='ocrx_word' id='word_1_265' title='bbox 266 1703 518 1742; x_wconf 81' lang='lat' dir='ltr'><strong>Izzeddinum,</strong></span> <span class='ocrx_word' id='word_1_266' title='bbox 544 1704 607 1749; x_wconf 89' lang='lat' dir='ltr'><strong>qui</strong></span> <span class='ocrx_word' id='word_1_267' title='bbox 627 1703 821 1736; x_wconf 71' lang='lat' dir='ltr'><strong>multorum</strong></span> <span class='ocrx_word' id='word_1_268' title='bbox 839 1701 1050 1735; x_wconf 84' lang='lat' dir='ltr'><strong>damnorum</strong></span> <span class='ocrx_word' id='word_1_269' title='bbox 1067 1706 1103 1734; x_wconf 91' lang='lat' dir='ltr'><strong>ct</strong></span> <span class='ocrx_word' id='word_1_270' title='bbox 1126 1701 1235 1734; x_wconf 87' lang='lat' dir='ltr'><strong>cladis</strong></span> <span class='ocrx_word' id='word_1_271' title='bbox 1255 1701 1426 1734; x_wconf 76' lang='lat' dir='ltr'><strong>maximae</strong></span> <span class='ocrx_word' id='word_1_272' title='bbox 1456 1713 1561 1735; x_wconf 90' lang='lat' dir='ltr'><strong>causa</strong></span> <span class='ocrx_word' id='word_1_273' title='bbox 1592 1703 1643 1736; x_wconf 87' lang='lat' dir='ltr'><strong>illi</strong></span> <span class='ocrx_word' id='word_1_274' title='bbox 1671 1703 1789 1738; x_wconf 87' lang='lat' dir='ltr'><strong>suerat</strong></span> <span class='ocrx_word' id='word_1_275' title='bbox 1807 1711 1846 1740; x_wconf 88' lang='lat' dir='ltr'><strong>et</strong></span> 
     </span>
     <span class='ocr_line' id='line_1_27' title="bbox 165 1761 1844 1812; baseline 0 -14"><span class='ocrx_word' id='word_1_276' title='bbox 165 1770 300 1798; x_wconf 82' lang='lat' dir='ltr'><strong>auctor.</strong></span> <span class='ocrx_word' id='word_1_277' title='bbox 362 1765 514 1810; x_wconf 86' lang='lat' dir='ltr'><strong>Tempus</strong></span> <span class='ocrx_word' id='word_1_278' title='bbox 540 1771 577 1798; x_wconf 89' lang='lat' dir='ltr'><strong>et</strong></span> <span class='ocrx_word' id='word_1_279' title='bbox 608 1764 831 1798; x_wconf 83' lang='lat' dir='ltr'><strong>occasionem</strong></span> <span class='ocrx_word' id='word_1_280' title='bbox 862 1769 1002 1796; x_wconf 88' lang='lat' dir='ltr'><strong>tantum</strong></span> <span class='ocrx_word' id='word_1_281' title='bbox 1042 1761 1271 1808; x_wconf 85' lang='lat' dir='ltr'><strong>exspectabat</strong></span> <span class='ocrx_word' id='word_1_282' title='bbox 1298 1767 1335 1795; x_wconf 89' lang='lat' dir='ltr'><strong>et</strong></span> <span class='ocrx_word' id='word_1_283' title='bbox 1362 1762 1529 1796; x_wconf 87' lang='lat' dir='ltr'><strong>ardenter</strong></span> <span class='ocrx_word' id='word_1_284' title='bbox 1553 1764 1735 1809; x_wconf 81' lang='lat' dir='ltr'><strong>sperabat,</strong></span> <span class='ocrx_word' id='word_1_285' title='bbox 1771 1778 1844 1812; x_wconf 84' lang='lat' dir='ltr'><strong>qua</strong></span> 
     </span>
     <span class='ocr_line' id='line_1_28' title="bbox 164 1823 1844 1871; baseline 0.002 -12"><span class='ocrx_word' id='word_1_286' title='bbox 164 1825 252 1860; x_wconf 86' lang='lat' dir='ltr'><strong>huic</strong></span> <span class='ocrx_word' id='word_1_287' title='bbox 281 1825 503 1860; x_wconf 84' lang='lat' dir='ltr'><strong>odiosissimo</strong></span> <span class='ocrx_word' id='word_1_288' title='bbox 532 1826 734 1860; x_wconf 84' lang='lat' dir='ltr'><strong>adversario</strong></span> <span class='ocrx_word' id='word_1_289' title='bbox 764 1837 828 1871; x_wconf 87' lang='lat' dir='ltr'><strong>par</strong></span> <span class='ocrx_word' id='word_1_290' title='bbox 855 1823 934 1870; x_wconf 84' lang='lat' dir='ltr'><strong>pari</strong></span> <span class='ocrx_word' id='word_1_291' title='bbox 962 1823 1122 1858; x_wconf 84' lang='lat' dir='ltr'><strong>referret.</strong></span> <span class='ocrx_word' id='word_1_292' title='bbox 1172 1823 1272 1857; x_wconf 89' lang='lat' dir='ltr'><strong>Haec</strong></span> <span class='ocrx_word' id='word_1_293' title='bbox 1301 1823 1448 1868; x_wconf 85' lang='lat' dir='ltr'><strong>quidem</strong></span> <span class='ocrx_word' id='word_1_294' title='bbox 1477 1825 1616 1858; x_wconf 88' lang='lat' dir='ltr'><strong>occasio</strong></span> <span class='ocrx_word' id='word_1_295' title='bbox 1646 1826 1697 1858; x_wconf 92' lang='lat' dir='ltr'><strong>illi</strong></span> <span class='ocrx_word' id='word_1_296' title='bbox 1721 1827 1844 1862; x_wconf 86' lang='lat' dir='ltr'><strong>adesse</strong></span> 
     </span>
     <span class='ocr_line' id='line_1_29' title="bbox 164 1884 1842 1931; baseline 0.002 -11"><span class='ocrx_word' id='word_1_297' title='bbox 164 1886 357 1921; x_wconf 76' lang='lat' dir='ltr'><strong>videbatur</strong></span> <span class='ocrx_word' id='word_1_298' title='bbox 378 1899 470 1922; x_wconf 88' lang='lat' dir='ltr'><strong>anno</strong></span> <span class='ocrx_word' id='word_1_299' title='bbox 489 1887 560 1923; x_wconf 73' lang='lat'><strong>989</strong></span> <span class='ocrx_word' id='word_1_300' title='bbox 581 1886 740 1931; x_wconf 74' lang='lat'>(1581),</span> <span class='ocrx_word' id='word_1_301' title='bbox 768 1898 868 1924; x_wconf 86' lang='lat' dir='ltr'><strong>cum,</strong></span> <span class='ocrx_word' id='word_1_302' title='bbox 894 1897 1015 1918; x_wconf 86' lang='lat' dir='ltr'><strong>meuse</strong></span> <span class='ocrx_word' id='word_1_303' title='bbox 1037 1884 1257 1919; x_wconf 82' lang='lat' dir='ltr'><strong>Schawwalo</strong></span> <span class='ocrx_word' id='word_1_304' title='bbox 1286 1884 1537 1929; x_wconf 82' lang='lat' dir='ltr'><strong>(Novembri),</strong></span> <span class='ocrx_word' id='word_1_305' title='bbox 1567 1885 1713 1921; x_wconf 75' lang='lat' dir='ltr'><strong>fratrem</strong></span> <span class='ocrx_word' id='word_1_306' title='bbox 1739 1900 1842 1923; x_wconf 89' lang='lat' dir='ltr'><strong>suum</strong></span> 
     </span>
     <span class='ocr_line' id='line_1_30' title="bbox 161 1945 1840 1994; baseline -0.001 -11"><span class='ocrx_word' id='word_1_307' title='bbox 161 1948 286 1984; x_wconf 87' lang='lat' dir='ltr'><strong>Alium</strong></span> <span class='ocrx_word' id='word_1_308' title='bbox 315 1948 457 1994; x_wconf 83' lang='lat' dir='ltr'><strong>Jahjam</strong></span> <span class='ocrx_word' id='word_1_309' title='bbox 486 1950 625 1984; x_wconf 88' lang='lat' dir='ltr'><strong>adierat</strong></span> <span class='ocrx_word' id='word_1_310' title='bbox 655 1948 795 1982; x_wconf 82' lang='lat' dir='ltr'><strong>Tsolam</strong></span> <span class='ocrx_word' id='word_1_311' title='bbox 822 1953 859 1981; x_wconf 90' lang='lat' dir='ltr'><strong>et</strong></span> <span class='ocrx_word' id='word_1_312' title='bbox 888 1946 985 1980; x_wconf 87' lang='lat' dir='ltr'><strong>hunc</strong></span> <span class='ocrx_word' id='word_1_313' title='bbox 1012 1945 1080 1979; x_wconf 86' lang='lat' dir='ltr'><strong>sibi</strong></span> <span class='ocrx_word' id='word_1_314' title='bbox 1107 1945 1239 1979; x_wconf 88' lang='lat' dir='ltr'><strong>iterum</strong></span> <span class='ocrx_word' id='word_1_315' title='bbox 1269 1945 1539 1984; x_wconf 87' lang='lat' dir='ltr'><strong>amicissimum,</strong></span> <span class='ocrx_word' id='word_1_316' title='bbox 1574 1953 1616 1982; x_wconf 86' lang='lat' dir='ltr'><strong>ut</strong></span> <span class='ocrx_word' id='word_1_317' title='bbox 1647 1949 1730 1982; x_wconf 91' lang='lat' dir='ltr'><strong>olim</strong></span> <span class='ocrx_word' id='word_1_318' title='bbox 1758 1950 1840 1983; x_wconf 81' lang='lat' dir='ltr'><strong>vivo</strong></span> 
     </span>
     <span class='ocr_line' id='line_1_31' title="bbox 161 2006 1844 2055; baseline 0 -11"><span class='ocrx_word' id='word_1_319' title='bbox 161 2015 281 2054; x_wconf 84' lang='lat' dir='ltr'><strong>patre,</strong></span> <span class='ocrx_word' id='word_1_320' title='bbox 307 2011 493 2044; x_wconf 84' lang='lat' dir='ltr'><strong>invenerat</strong></span> <span class='ocrx_word' id='word_1_321' title='bbox 513 2016 550 2044; x_wconf 85' lang='lat' dir='ltr'><strong>et</strong></span> <span class='ocrx_word' id='word_1_322' title='bbox 570 2010 807 2055; x_wconf 84' lang='lat' dir='ltr'><strong>maximopere</strong></span> <span class='ocrx_word' id='word_1_323' title='bbox 829 2008 960 2041; x_wconf 84' lang='lat' dir='ltr'><strong>iratum</strong></span> <span class='ocrx_word' id='word_1_324' title='bbox 990 2006 1193 2040; x_wconf 88' lang='lat' dir='ltr'><strong>Izzeddino.</strong></span> <span class='ocrx_word' id='word_1_325' title='bbox 1245 2006 1470 2052; x_wconf 86' lang='lat' dir='ltr'><strong>Quapropter</strong></span> <span class='ocrx_word' id='word_1_326' title='bbox 1499 2019 1580 2041; x_wconf 90' lang='lat' dir='ltr'><strong>cum</strong></span> <span class='ocrx_word' id='word_1_327' title='bbox 1607 2008 1710 2043; x_wconf 91' lang='lat' dir='ltr'><strong>Alius</strong></span> <span class='ocrx_word' id='word_1_328' title='bbox 1737 2010 1844 2055; x_wconf 86' lang='lat' dir='ltr'><strong>Jahja</strong></span> 
     </span>
     <span class='ocr_line' id='line_1_32' title="bbox 162 2067 1839 2115; baseline 0 -12"><span class='ocrx_word' id='word_1_329' title='bbox 162 2081 246 2104; x_wconf 85' lang='lat' dir='ltr'><strong>eum</strong></span> <span class='ocrx_word' id='word_1_330' title='bbox 272 2071 483 2115; x_wconf 82' lang='lat' dir='ltr'><strong>praeficeret</strong></span> <span class='ocrx_word' id='word_1_331' title='bbox 512 2072 676 2106; x_wconf 89' lang='lat' dir='ltr'><strong>omnibus</strong></span> <span class='ocrx_word' id='word_1_332' title='bbox 712 2071 784 2105; x_wconf 91' lang='lat' dir='ltr'><strong>suis</strong></span> <span class='ocrx_word' id='word_1_333' title='bbox 813 2069 916 2103; x_wconf 89' lang='lat' dir='ltr'><strong>terris</strong></span> <span class='ocrx_word' id='word_1_334' title='bbox 955 2067 1257 2106; x_wconf 82' lang='lat' dir='ltr'><strong>occidentalibus,</strong></span> <span class='ocrx_word' id='word_1_335' title='bbox 1294 2073 1335 2102; x_wconf 86' lang='lat' dir='ltr'><strong>ut</strong></span> <span class='ocrx_word' id='word_1_336' title='bbox 1371 2068 1552 2113; x_wconf 84' lang='lat' dir='ltr'><strong>regionem</strong></span> <span class='ocrx_word' id='word_1_337' title='bbox 1579 2081 1655 2102; x_wconf 88' lang='lat' dir='ltr'><strong>eam</strong></span> <span class='ocrx_word' id='word_1_338' title='bbox 1682 2076 1839 2113; x_wconf 80' lang='lat' dir='ltr'><strong>regeret,</strong></span> 
     </span>
     <span class='ocr_line' id='line_1_33' title="bbox 161 2128 1843 2178; baseline -0.001 -12"><span class='ocrx_word' id='word_1_339' title='bbox 161 2131 346 2177; x_wconf 77' lang='lat' dir='ltr'><strong>copiisque</strong></span> <span class='ocrx_word' id='word_1_340' title='bbox 367 2137 405 2165; x_wconf 86' lang='lat' dir='ltr'><strong>et</strong></span> <span class='ocrx_word' id='word_1_341' title='bbox 424 2132 610 2177; x_wconf 81' lang='lat' dir='ltr'><strong>praesidiis</strong></span> <span class='ocrx_word' id='word_1_342' title='bbox 638 2132 689 2166; x_wconf 88' lang='lat' dir='ltr'><strong>ibi</strong></span> <span class='ocrx_word' id='word_1_343' title='bbox 715 2130 900 2178; x_wconf 86' lang='lat' dir='ltr'><strong>dispositis</strong></span> <span class='ocrx_word' id='word_1_344' title='bbox 928 2134 1127 2174; x_wconf 86' lang='lat' dir='ltr'><strong>praeesset,</strong></span> <span class='ocrx_word' id='word_1_345' title='bbox 1154 2128 1396 2163; x_wconf 87' lang='lat' dir='ltr'><strong>intensissimo</strong></span> <span class='ocrx_word' id='word_1_346' title='bbox 1427 2130 1549 2163; x_wconf 85' lang='lat' dir='ltr'><strong>studio</strong></span> <span class='ocrx_word' id='word_1_347' title='bbox 1577 2129 1710 2174; x_wconf 84' lang='lat' dir='ltr'><strong>petivit</strong></span> <span class='ocrx_word' id='word_1_348' title='bbox 1735 2141 1755 2163; x_wconf 87' lang='lat' dir='ltr'><strong>a</strong></span> <span class='ocrx_word' id='word_1_349' title='bbox 1776 2130 1843 2164; x_wconf 87' lang='lat' dir='ltr'><strong>sra-</strong></span> 
     </span>
    </p>
   </div>
   <div class='ocr_carea' id='block_1_3' title="bbox 215 2197 1840 2349">
    <p class='ocr_par' dir='ltr' id='par_1_4' title="bbox 215 2197 1840 2349">
     <span class='ocr_line' id='line_1_34' title="bbox 1767 2197 1840 2232; baseline 0 -7"><span class='ocrx_word' id='word_1_350' title='bbox 1767 2197 1840 2232; x_wconf 77' lang='lat' dir='ltr'><strong>tre,</strong></span> 
     </span>
     <span class='ocr_line' id='line_1_35' title="bbox 215 2306 818 2349; baseline 0.003 -7"><span class='ocrx_word' id='word_1_351' title='bbox 215 2314 228 2332; x_wconf 72' lang='lat'>²</span> <span class='ocrx_word' id='word_1_352' title='bbox 246 2313 349 2349; x_wconf 57' lang='grc' dir='ltr'><strong>ἰςα</strong></span> <span class='ocrx_word' id='word_1_353' title='bbox 371 2308 445 2349; x_wconf 46' lang='lat' dir='ltr'><strong>abb.</strong></span> <span class='ocrx_word' id='word_1_354' title='bbox 611 2306 628 2332; x_wconf 88' lang='lat' dir='ltr'><strong>b</strong></span> <span class='ocrx_word' id='word_1_355' title='bbox 645 2307 699 2341; x_wconf 47' lang='lat' dir='ltr'><strong>am</strong></span> <span class='ocrx_word' id='word_1_356' title='bbox 730 2306 818 2344; x_wconf 49' lang='lat' dir='ltr'><strong>ab.</strong></span> 
     </span>
    </p>
   </div>
  </div>
 </body>
</html>
