2055 2865
842 223 1127 257 *95—

124 316 310 354 ercitum,
337 326 445 361 quem
464 315 499 348 in
511 315 642 360 oppido
660 315 1166 361 Eei'ii-Kotliaildisposuerat,
1195 319 1381 353 constituit
1399 319 1492 353 bello
1511 327 1634 366 petere
1651 321 1827 357 Caum-11-

139 384 261 409 (Siwuu
279 377 432 421 ejusque
451 377 571 409 sedem
590 387 802 421 expugnare.
854 376 1052 421 Eapropter
1069 378 1166 410 misit
1187 380 1386 425 principem
1402 382 1622 421 Khidhrum,
1650 387 1827 429 cognomi-

135 445 260 472 natum
282 438 419 478 Kolaak
439 444 468 478 ²,
495 447 577 471 cum
607 437 718 482 copiis
738 436 971 470 benemffltis
987 449 1005 470 c
1028 437 1152 471 Tuscis
1173 445 1210 471 et
1228 440 1409 475 Arabibus
1425 449 1460 476 et
1481 446 1668 478 tormentis
1690 446 1825 480 bellicis·

136 501 254 533 variae
276 499 517 533 dimensionis·
541 499 587 531 ad
612 497 890 542 oppugnandum
919 498 1101 537 Affarum,
1138 498 1379 534 Gautsedafiui
1404 504 1534 537 sedem.
1586 507 1824 542 Ricihwanum

135 568 255 594 autem
282 567 318 593 et
336 561 449 603 Agam
477 557 768 602 Selahum‘jussit
787 569 868 591 cum
890 559 1001 604 copiis
1022 560 1233 599 Sultanicis,
1253 560 1391 607 'quibus
1410 574 1616 608 praeerant,
1644 570 1823 613 proficisci

118 635 172 655 ,ex
191 621 321 666 oppido
338 619 594 653 Beni-homan
614 631 735 654 versus
755 620 940 654 castellum
958 620 1408 667 Cahlanum-Taadjeddini
1427 631 1463 657 et
1481 625 1531 658 ibi
1553 628 1762 663 subsistere:
1786 633 1822 664 iel

117 683 226 717 >euim
245 681 430 715 castellum
442 680 566 714 Affaro
587 687 640 714 est
659 682 910 728 propinquum.
947 682 1034 727 Ejus
1053 694 1136 716 vero
1158 684 1293 717 castelli
1310 685 1465 731 principi
1486 687 1627 721 Hasano
1650 690 1670 722 f.
1696 691 1820 725 Inuum

127 742 403 777 Seharafeddini
424 742 613 788 imperavit
630 749 671 776 ut
688 743 804 776 filium
820 743 1054 777 Izzeddinum
1075 755 1155 777 cum
1176 745 1317 779 delecta
1337 758 1445 780 manu
1464 748 1626 783 mitteret
1647 751 1689 784 ast
1707 752 1819 786 Rich-

128 816 271 838 wanum
289 810 331 837 ut
360 803 429 837 hoc
454 804 547 838 duce
566 804 756 837 militaret:
783 817 856 850 quo
886 804 981 838 facto
1011 811 1048 838 et
1077 807 1274 840 exercitum
1304 819 1407 841 suum
1432 809 1588 844 militum
1611 824 1760 847 numero
1784 823 1819 848 et

126 866 252 898 robore
273 865 372 898 auxit
390 871 427 898 et
444 866 626 898 Hasanum
645 865 666 898 f.
689 866 817 899 Imami
837 866 1111 900 Scharaseddini
1131 868 1169 900 in
1186 867 1359 913 obsequio
1379 870 1517 904 Sultani
1538 873 1727 908 continuit.

180 925 299 959 Vertit
318 937 393 958 sese
416 937 497 970 ergo
517 925 702 960 Khidhrus
716 938 780 972 per
801 927 1002 967 Imranum,
1030 930 1067 962 in
1085 941 1157 974 qua
1177 929 1266 962 urbe
1287 935 1463 964 tormenta
1487 932 1617 967 bellica
1644 937 1816 970 maximae

126 987 358 1021 dimensionis
377 987 413 1019 in
435 988 713 1031 praesentiarum
733 989 900 1034 reliquit,
918 990 964 1022 ad
981 990 1166 1023 castellum
1183 989 1312 1034 Sajjidi
1332 990 1517 1025 al-Gorabi
1535 994 1567 1033 b,
1594 997 1691 1041 quod
1712 1006 1816 1032 antea

124 1049 315 1083 dicebatur
333 1049 548 1082 al-Daasemi
563 1054 576 1070 c
590 1074 597 1087 ‚
625 1048 686 1081 scd
704 1048 748 1081 ab
768 1049 911 1082 Hasano
932 1050 1070 1083 Pascha
1090 1051 1124 1084 vi
1147 1057 1404 1096 expugnatum,
1432 1053 1495 1097 qui
1522 1059 1557 1087 ct
1578 1055 1616 1087 in
1635 1057 1695 1090 illo
1714 1071 1815 1103 prae-

127 1111 256 1144 sidium
283 1110 474 1144 Turcicum
495 1109 750 1147 collocaverat,
775 1116 922 1155 propter
951 1111 1093 1156 nigrum
1120 1112 1330 1157 adspectum
1353 1125 1395 1146 eo
1424 1114 1631 1159 insignitum
1653 1125 1729 1152 erat
1754 1133 1814 1153 nov-

124 1173 229 1205 miue.
280 1170 483 1204 Admodum
501 1171 742 1216 propinquum
761 1171 850 1204 illud
871 1178 947 1205 erat
968 1172 1093 1206 Affaro
1121 1173 1244 1218 itaque
1271 1185 1375 1219 saepe
1396 1175 1441 1209 ab
1465 1176 1574 1222 hujus
1595 1178 1693 1213 urbis
1720 1183 1814 1225 prin-

122 1234 280 1277 cipibus,
308 1230 480 1275 imprimis
509 1243 594 1265 vero
621 1244 641 1265 a
671 1232 908 1266 Mothahhero
933 1233 956 1266 f.
985 1234 1111 1267 Imami
1141 1234 1433 1275 Scharafeddini,
1461 1245 1723 1283 oppugnatuuu
1752 1246 1812 1276 seii

121 1304 258 1338 semper
286 1297 432 1337 propter
459 1293 578 1326 aditus
604 1293 857 1327 difficultatem
874 1294 1011 1327 infelici
1032 1306 1199 1328 successu
1227 1296 1348 1329 conati
1375 1304 1475 1331 erant
1495 1299 1583 1332 illud
1601 1312 1812 1347 expugnas&

121 1355 229 1389 Juxta
249 1353 338 1387 illud
358 1364 440 1397 ergo
460 1354 497 1386 in
515 1365 598 1398 agro
616 1360 731 1388 casira
750 1353 828 1388 fixit
847 1354 1032 1389 Khidhrus
1063 1361 1099 1390 ct
1122 1368 1164 1390 ex
1190 1356 1330 1391 illorum
1359 1363 1538 1393 tractuum
1555 1361 1682 1395 incolis
1704 1377 1811 1410 quam

119 1416 290 1461 plurimos
309 1414 480 1447 conduxit
497 1415 648 1453 milites,
674 1415 806 1460 quibus
827 1416 865 1449 in
883 1417 976 1450 bello
1004 1418 1174 1450 adversus
1206 1416 1494 1454 Gautseddinum
1512 1427 1684 1456 uteretur.
1735 1426 1808 1459 Nec

117 1477 181 1510 diu
200 1481 281 1520 post
302 1475 505 1507 Sultanicas
525 1475 645 1519 copias
665 1478 888 1521 oppugnavit
909 1477 1180 1513 Gautseddinus
1201 1478 1295 1523 ipse:
1324 1479 1383 1513 die
1402 1481 1497 1514 enim
1516 1483 1644 1528 quinto
1672 1485 1804 1520 Rebiao,

115 1537 242 1583 prioris
263 1534 314 1578 (a.
336 1535 369 1568 d.
393 1534 438 1568 25
459 1535 583 1579 Febr.)
612 1536 755 1581 collegit
785 1538 950 1572 cohortes
982 1539 1181 1584 complures
1202 1540 1410 1584 sequacium
1428 1548 1464 1575 et
1493 1544 1668 1578 sociorum
1688 1544 1723 1580 et
1742 1549 1804 1580 mi-

118 1588 198 1631 lites
219 1596 346 1630 Imami
366 1595 517 1633 Hasani,
543 1607 632 1640 quos
653 1609 774 1630 secum
795 1598 912 1631 Affari
939 1599 1096 1632 habebat
1117 1605 1153 1632 et
1174 1611 1255 1632 cum
1277 1600 1321 1632 iis
1340 1601 1472 1645 petivit
1500 1610 1614 1638 castra
1634 1606 1804 1648 Khidhsi,

113 1669 256 1704 sperans
287 1656 362 1690 fore
385 1661 425 1690 ut
450 1655 653 1700 inopinatos
683 1648 883 1703 opprimere
908 1665 1046 1704 posset:
1074 1665 1293 1704 quapropter
1320 1661 1482 1708 undique
1513 1666 1636 1699 castris
1656 1668 1803 1704 circum-

112 1720 206 1754 datis
226 1723 374 1764 repente
395 1717 598 1751 Khidhrum
625 1718 795 1753 adoritur.
846 1720 1046 1766 Repellitur
1069 1726 1188 1754 tamen
1205 1726 1287 1766 post
1311 1727 1469 1756 atrocem
1498 1736 1653 1770 pugnam
1678 1736 1714 1762 et
1743 1743 1803 1764 nc-

111 1781 309 1827 quidquam
327 1791 409 1813 suos
428 1779 568 1825 saepius
581 1780 626 1813 ad
647 1781 781 1815 vallum
807 1782 967 1816 reducit:
995 1793 1037 1815 ac
1064 1782 1218 1827 primum
1246 1782 1393 1827 quidem
1422 1794 1621 1831 pugnantes
1648 1802 1803 1826 recesse-

111 1848 197 1875 runt
216 1840 455 1877 Gautseddini
476 1846 512 1874 et
532 1841 660 1875 Imami
680 1842 813 1876 Hasani
832 1843 983 1886 milites3
1010 1843 1141 1877 deinde
1158 1837 1195 1877 in
1214 1843 1334 1888 fugam
1354 1857 1430 1879 sese
1448 1847 1628 1883 dederunt
1648 1858 1685 1885 et
1704 1864 1798 1887 com-

107 1903 227 1948 plures
245 1907 328 1936 sunt
359 1902 469 1940 caesi,
495 1914 648 1947 quorum
677 1904 795 1948 capita
823 1911 906 1939 sunt
933 1911 1082 1939 resecta.
1133 1904 1271 1939 Audita
1301 1907 1411 1952 hujus
1441 1910 1678 1955 expeditionis
1707 1914 1798 1948 fama

99 1963 327 1997 'Ridhwanus
352 1969 390 1996 et
417 1964 496 2008 Aga
520 1963 670 1997 Selahus
698 1964 864 1999 celeriter
892 1977 912 1999 e
937 1966 1063 1999 castris
1099 1977 1210 2012 prope
1248 1967 1443 2003 Cahlanurn
1475 1982 1556 2005 cum
1582 1975 1692 2019 copiis
1725 1977 1795 2009 suis·

107 2029 358 2068 processerunt
374 2029 412 2056 et
438 2030 672 2058 occurrerunt
700 2025 875 2061 militibus
904 2025 1144 2062 Gautseddini
1172 2027 1303 2073 fugatis
1328 2041 1439 2076 prope
1468 2031 1643 2067 Affarum.
1696 2036 1794 2070 Tunc

107 2096 192 2118 vero
213 2095 234 2116 a
259 2088 404 2117 recente
429 2083 543 2118 milite
568 2090 701 2130 strages
729 2098 858 2132 magna
882 2092 936 2121 est
969 2087 1065 2122 facta
1093 2089 1248 2124 militum
1272 2090 1462 2131 lassorum,
1499 2094 1562 2139 qui
1582 2106 1617 2126 se
1644 2094 1681 2127 in
1711 2095 1795 2142 suga

104 2156 225 2179 rursus
251 2145 509 2190 conjunxerant
537 2150 574 2180 et
591 2158 656 2192 per
683 2147 844 2183 hostiurn
875 2161 1001 2196 agmen
1028 2150 1194 2187 Affarum
1222 2159 1347 2199 petere
1379 2154 1511 2190 frustra
1543 2155 1785 2190 conabantur.

1701 2218 1792 2252 Pau-
