2055 2865
922 184 1203 218 -re-...a

235 303 318 329 eum
329 291 486 334 legatum
505 295 586 319 cum
602 279 733 317 litteris
746 305 753 318 ,
779 279 818 313 in
833 277 963 324 quibus
991 277 1116 312 orabat
1144 273 1227 313 eum
1249 271 1313 324 per
1329 271 1515 324 'pristinam
1531 272 1726 314 amicitiam
1745 271 1781 314 et
1798 271 1896 313 suam

238 351 465 388 affinitatem,
499 349 542 378 ut
568 352 694 388 pacem
718 345 756 374 et
786 339 1014 373 concordiam
1037 344 1225 384 quaereret
1262 346 1388 372 secum
1412 344 1448 373 et
1474 350 1554 374 etun
1577 340 1718 374 Hasano
1744 338 1897 379 Pascha;

236 419 432 447 memorans
450 415 593 451 quoque
611 413 692 436 eum
711 412 784 435 non
798 400 901 446 posse
922 410 997 433 esse
1015 399 1159 433 *salvum
1171 426 1178 439 ‚
1205 399 1234 433 si
1264 397 1403 433 Sultani
1432 399 1626 433 exercitum
1648 399 1899 445 aggrederetur

236 476 301 507 aut
320 469 364 504 ad
383 479 418 501 se
436 467 648 500 arcesseret,
671 458 852 506 siquidem
875 454 1070 494 verendum
1096 463 1190 494 esset
1210 459 1294 503 ipsi,
1329 470 1375 493 ne
1396 470 1416 492 a
1443 458 1548 492 sociis
1575 448 1786 497 destitutus,
1812 470 1898 503 quo-

236 543 319 567 rum
336 529 466 573 cuique
485 534 548 558 sua
563 521 661 566 regio
680 527 757 554 erat
773 519 1013 556 defendenda,
1040 518 1133 552 solus
1161 511 1242 552 cum
1268 518 1378 564 copiis
1403 518 1595 551 Sultanicis
1622 523 1806 563 cogeretur
1826 516 1901 550 bel-

238 595 314 626 lum
334 600 464 636 gerere.
514 583 647 627 Legato
666 592 752 615 vero
780 581 898 614 aditus
924 579 969 612 ad
995 577 1117 611 Alium
1134 576 1277 622 Jahjam
1293 589 1366 612 non
1383 569 1551 617 dabatur,
1576 587 1695 624 neque
1711 577 1823 613 ullum
1842 576 1901 610 ob-

241 651 353 687 tinuit
372 644 583 681 Izzeddinus
603 644 647 676 ad
664 643 803 676 litteras
822 652 902 673 suas
919 649 1136 684 responsum.

291 711 438 746 Interea
451 704 547 739 omni
565 714 673 749 opera
693 702 810 747 copias
844 701 1060 733 instruxerat
1087 697 1249 731 Hasanus
1275 691 1413 733 Pascha
1433 704 1484 738 et,
1509 698 1597 733 licet
1620 698 1767 732 Hoseini
1793 697 1905 743 patris

242 772 325 819 ejus
347 768 464 803 obitus
493 765 531 797 in
568 763 731 807 Aegypto
760 760 959 806 paullulum
986 757 1168 800 inceptum
1198 769 1285 802 opus
1323 758 1591 803 impedivisset,
1625 759 1750 793 eodem
1787 764 1906 792 tamen

246 841 366 867 mense
394 823 581 861 Schabano
611 821 729 855 omnia
760 820 808 853 ad
844 818 977 851 bellum
1011 818 1180 852 adversus
1208 817 1491 851 Mohammedem
1521 818 1543 852 f.
1573 818 1687 853 Nasiri
1715 818 1907 865 gerendum

246 895 348 926 erant
371 889 504 933 parata.

298 949 372 985 Sub
393 945 429 979 id
445 950 583 988 tempus
605 940 650 975 ad
666 940 744 985 ejus
763 943 883 985 partes
915 937 1058 972 transiit
1084 935 1341 970 Mothahherus
1371 934 1394 969 f.
1417 934 1640 970 Schowaiae:
1675 936 1862 973 deserebat
1881 939 1911 974 is

250 1006 552 1047 Moliammedem,
587 1013 743 1049 quocum
766 1000 889 1046 paullo
917 1004 999 1032 ante
1033 997 1157 1031 foedus
1182 996 1328 1030 inierat:
1356 995 1452 1041 quod
1478 1002 1598 1031 tamen
1624 998 1759 1031 nemini
1784 998 1912 1033 mirum

253 1069 403 1105 accidit,
429 1061 719 1110 quandoquidem
737 1061 830 1092 inter
848 1059 925 1091 illos
938 1057 1117 1102 principes
1136 1067 1330 1101 eorumque
1357 1063 1479 1100 gentes
1504 1064 1607 1092 vetus
1635 1063 1727 1091 esset
1754 1058 1912 1092 simultas

247 1136 291 1165 ,et
312 1128 357 1163 ab
375 1124 523 1169 antiquo
544 1128 702 1167 ternpore
721 1120 860 1158 odium,
886 1129 957 1163 quo
974 1117 1086 1150 omnis
1105 1117 1263 1150 amicitia
1289 1122 1325 1150 et
1344 1117 1495 1151 societas
1521 1118 1658 1152 sincera
1685 1119 1827 1153 omnino
1848 1120 1914 1154 im-

252 1187 479 1238 pediebatur.
539 1184 649 1229 Magis
676 1191 760 1216 vero
785 1178 954 1223 plurimos
983 1179 1096 1212 movit
1125 1177 1323 1212 Lothfallae
1356 1177 1401 1211 ad
1431 1178 1619 1223 imperium
1645 1178 1867 1213 Sultanicum
1894 1191 1915 1213 a

255 1251 365 1286 fratre
385 1245 467 1280 Alio
488 1243 594 1287 Jahja
620 1242 796 1278 defectio,
823 1239 948 1271 saltem
972 1238 1158 1271 inclinatio
1187 1244 1222 1271 et
1248 1237 1411 1283 obsequii
1438 1237 1584 1271 Sultano
1609 1238 1812 1282 praestandi
1836 1250 1915 1284 pro-

252 1308 389 1345 missio.
437 1302 507 1338 Hic
532 1301 645 1340 enim,
672 1301 819 1334 simulac
845 1299 1056 1333 discesserat
1076 1310 1096 1331 a
1115 1298 1224 1332 fratre
1241 1325 1248 1337 ,
1273 1299 1427 1345 petierat
1455 1309 1572 1332 arcem
1597 1309 1695 1331 suam
1720 1290 1915 1333 Cahlanum

260 1363 463 1403 al-Scharaf
485 1367 540 1401 et,
569 1362 712 1407 cognita
743 1359 973 1394 Mothahheri
999 1358 1020 1391 s.
1051 1359 1259 1394 Schowaiae
1305 1357 1463 1396 fortuna,
1498 1370 1605 1404 quem
1636 1358 1790 1392 militum
1815 1371 1917 1405 prae-

261 1430 396 1464 sectum
413 1421 650 1456 constituerat
669 1420 830 1453 Hasanus
850 1426 886 1453 et
904 1418 1040 1462 magnis
1059 1412 1255 1451 donaverat
1273 1418 1479 1452 muneribus
1491 1444 1498 1457 ,
1525 1419 1600 1464 ipse
1622 1420 1665 1453 ad
1681 1420 1776 1453 illius
1803 1431 1917 1453 exem-

257 1489 335 1534 plar
353 1482 492 1519 Sultani
510 1485 629 1526 partes
646 1480 764 1524 palam
782 1480 961 1525 amplexus
980 1484 1043 1511 est.
1094 1478 1199 1522 Quod
1216 1482 1257 1511 ut
1284 1483 1446 1522 apertum
1474 1483 1566 1511 esset
1596 1484 1633 1512 et
1655 1484 1798 1515 notum,
1822 1478 1921 1512 litte-

258 1559 314 1582 ras
332 1544 430 1580 misit
450 1542 495 1576 ad
515 1539 706 1578 Pascham,
732 1539 863 1584 quibus
882 1538 1124 1572 obedientiam
1144 1536 1293 1581 irnperio
1314 1536 1496 1570 Sultanico
1524 1537 1618 1570 ultro
1646 1543 1699 1571 est
1718 1536 1920 1581 pollicitus;

258 1614 440 1652 quumque
472 1601 532 1633 illo
561 1604 722 1642 tempore
743 1598 1030 1630 Dzamarmarum
1050 1602 1062 1617 ³
1090 1596 1216 1629 urbem
1244 1606 1343 1628 suam
1381 1595 1478 1628 adire
1507 1595 1637 1633 vellet,
1675 1597 1752 1639 ejus
1786 1597 1925 1632 itineris

262 1664 405 1700 veniam
424 1660 469 1693 ab
498 1659 639 1690 Hasano
668 1656 820 1700 petivit3
845 1667 953 1700 quam
980 1655 1146 1688 lubenter
1174 1654 1208 1686 ei
1239 1654 1416 1688 concessit
1444 1654 1600 1694 Pascha,
1627 1655 1928 1701 sapientissimum

260 1727 342 1772 ejus
360 1716 522 1764 obsequii
542 1714 729 1748 consilium
746 1716 890 1748 summis
909 1713 1060 1748 efferens
1079 1713 1255 1746 laudibus.

312 1784 472 1818 Exeunte
490 1789 571 1823 ergo
591 1788 712 1810 mense
731 1776 918 1811 Schabano
945 1774 1029 1808 anni
1055 1772 1127 1807 989
1154 1771 1250 1814 (sive
1280 1773 1375 1818 Sept.
1409 1772 1522 1817 1581)
1558 1776 1753 1810 exercitum
1773 1778 1928 1813 Sultani-

267 1854 348 1879 cum
368 1853 409 1875 ex
428 1838 606 1873 Arabihus
623 1842 660 1871 et
679 1837 803 1871 Tui-cis
822 1834 1058 1880 compositum
1078 1834 1238 1866 Hasanus
1258 1833 1393 1867 dimisit
1414 1835 1527 1868 Sanaa
1548 1836 1714 1871 adversus
1732 1839 1927 1873 Dhafarum

268 1911 305 1938 et
334 1899 549 1937 Dhahiram,
575 1903 616 1931 ut
642 1896 736 1932 bello
762 1895 1013 1942 aggrederetur
1042 1893 1324 1928 Mohammedem
1349 1895 1371 1929 s.
1397 1894 1526 1933 Nasiri,
1559 1896 1757 1942 principem
1781 1898 1927 1942 Djosae,

271 1965 334 2012 qui
363 1974 406 1997 eo
429 1961 468 1994 in
492 1964 610 1993 tractu
638 1957 932 1991 commorabatur.
982 1954 1086 1988 Multi
1119 1953 1277 1987 Arabum
1309 1954 1487 1999 principes
1506 1980 1514 1992 ,
1547 1955 1679 1989 Hasani
1705 1957 1809 1996 socii,
1842 1956 1928 1990 huic

272 2022 445 2060 exercitui
471 2025 597 2066 sponte
628 2029 692 2052 sua
718 2029 754 2051 sc
779 2018 1038 2063 adjunxerunt,
1073 2015 1168 2049 inter
1191 2025 1280 2060 quos
1305 2013 1533 2047 eminuerunt
1558 2014 1734 2050 Haidarus
1752 2017 1767 2038 b
1792 2022 1828 2050 et
1858 2017 1929 2050 Mo-

272 2083 469 2118 thahherus
495 2078 519 2113 s.
538 2077 764 2116 Schowaiae,
790 2078 922 2124 quibus
944 2077 1082 2122 largum
1098 2078 1320 2113 concesserat
1344 2074 1505 2111 Hasanus
1530 2074 1765 2120 stipendium,
1790 2077 1931 2112 illorum

272 2141 479 2179 muneribus
503 2137 648 2174 excelsis
675 2137 900 2173 conveniens.

1857 2194 1932 2230 Pri-
