2055 2865
811 149 1122 187 -107—

125 252 308 293 posterum
336 249 613 293 conservarentj
649 256 710 280 eos
740 244 886 280 obedire
916 245 1124 285 Ibrahimo,
1161 245 1366 291 vituperare
1394 248 1517 286 Alium
1547 251 1707 301 Jahjam,
1744 269 1811 292 nec

126 306 318 342 tradituros
339 306 524 341 castellum
554 319 595 341 ex
621 307 699 353 ejus
724 308 903 342 mandato.
954 307 1147 354 Quumque
1177 321 1297 356 neque
1325 310 1400 345 Alii
1427 312 1554 359 Jnhjae
1576 316 1714 357 literas,
1741 332 1808 354 nec

124 370 322 414 legatorum
339 380 555 414 quemquam
576 369 709 403 vellent
726 369 904 414 recipere,
930 379 1049 413 neque
1072 370 1259 404 attendere
1287 372 1331 405 ad
1352 384 1475 408 eorum
1497 388 1694 412 sermonem
1722 393 1809 425 qua-

121 431 356 477 lemcunque,
384 431 499 464 coacti
519 435 601 464 sunt
621 430 848 464 Dhafirenses
868 441 905 462 rc
924 429 1059 462 infecta
1079 430 1196 464 redire
1226 431 1485 469 Caucabanum.
1537 438 1688 474 Omnem
1708 443 1810 475 deiu-

122 493 167 526 de
194 493 298 526 istam
325 503 400 525 rem
429 492 728 526 Schamseddinus
756 496 792 524 et
820 490 1067 524 Desterdarius
1097 490 1284 537 Mustapha
1314 495 1358 527 ad
1384 496 1557 532 Pascham
1587 502 1807 543 retulerunt,

122 554 159 586 iu
179 565 220 586 eo
241 554 524 591 consentientes,
550 565 622 586 non
647 552 721 585 Alii
747 551 875 597 Jahjae
897 552 1023 596 culpa,
1050 551 1113 585 sed
1139 564 1201 597 per
1232 552 1405 589 Ibrahiini
1431 561 1668 602 pervicaciam
1697 571 1733 597 et
1752 577 1807 597 re-

123 614 314 647 bellionem
334 613 506 647 accidisse
536 619 577 646 ut
609 613 745 647 deditio
764 613 907 652 Tsolae‚
934 613 978 646 de
1007 625 1078 658 qua
1104 620 1338 654 convenerat,
1364 619 1523 652 nondum
1554 621 1737 657 habuisset
1756 627 1808 658 lo-

122 686 212 708 cum.
264 674 367 708 Alius
389 680 510 708 autern
530 675 637 720 Jahja
657 681 699 709 ut
729 675 902 721 comperit
925 686 1043 720 neque
1074 674 1242 710 admissos
1270 689 1344 711 esse
1373 678 1523 723 legatos,
1551 693 1618 715 nec
1647 685 1809 719 deditum

123 735 245 770 Tsolae
266 737 467 775 castellum,
494 736 693 770 secundum
711 737 919 770 mandatum
940 747 1060 774 suum,
1088 736 1236 782 imperio
1265 739 1466 779 Sultanico,
1503 745 1649 783 metuit,
1677 758 1721 779 ne
1746 748 1811 781 Pa-

120 796 204 831 scha
224 798 429 842 opinaretur
450 810 532 832 eum
551 798 688 843 perfide
710 799 822 842 egisse
842 803 879 831 et
908 809 981 830 non
1009 797 1187 832 sincerum
1216 805 1324 845 atque
1356 801 1535 847 integrum
1566 805 1674 840 fuisse
1694 809 1730 841 in
1751 821 1808 842 ac-

119 858 295 903 cipiendis
324 859 589 893 conditionibus
616 872 636 892 a
666 859 802 893 Pascha
837 859 904 904 ipsi
934 859 1134 903 propositis.
1184 860 1278 894 Hinc
1299 873 1374 895 sese
1402 874 1465 908 per
1484 865 1621 900 litteras
1649 875 1685 902 et
1714 871 1807 915 lega-

117 926 174 952 tos
209 920 318 953 vertit
352 920 397 953 ad
437 921 608 954 Sinanurn
629 947 637 959 ,
672 933 744 966 quo
782 932 856 954 sese
894 920 1035 965 culpam
1075 933 1201 955 vacare
1249 924 1477 967 ostenderet3
1513 926 1646 961 deindo
1681 931 1725 963 ad
1764 933 1806 964 il-

118 982 192 1014 lum
220 992 294 1014 sese
331 982 508 1015 convertit
537 983 630 1027 ipse,
665 987 707 1015 ut
738 981 871 1014 crimen
898 993 917 1014 a
947 993 983 1014 se
1004 990 1194 1016 amoveret.
1246 983 1334 1017 Cum
1363 986 1475 1018 multo
1505 987 1639 1022 honore
1668 994 1809 1036 excepit

117 1054 200 1076 eum
232 1043 383 1076 Sinanus
423 1049 459 1076 et
490 1043 685 1076 tentorium
713 1041 746 1074 ei
777 1042 893 1086 parari
918 1043 1029 1086 jussit
1064 1044 1169 1087 juxta
1199 1044 1286 1078 illud
1306 1071 1314 1083 ,
1352 1047 1448 1090 quod
1488 1048 1562 1092 ipse
1591 1050 1804 1086 habitabat:

117 1104 242 1137 effecit
269 1109 389 1138 autem
410 1115 490 1137 cum
505 1103 680 1136 adventus
696 1103 774 1146 ejus
795 1102 840 1135 ad
861 1108 975 1135 castra
1001 1103 1184 1138 Sultanica
1198 1131 1205 1143 ,
1233 1111 1309 1139 tuin
1340 1114 1463 1152 aperta
1483 1110 1595 1142 omnis
1627 1112 1679 1144 rei
1698 1125 1802 1157 expo-

115 1165 215 1204 sitio,
237 1172 278 1199 ut
306 1165 456 1199 Sinanus
482 1174 564 1198 eum
584 1164 761 1197 insontem
791 1168 828 1198 et
857 1163 1041 1198 innoxium
1070 1164 1238 1199 habuerit
1268 1173 1304 1201 et
1333 1168 1427 1212 apud
1457 1169 1630 1204 pascham
1656 1175 1804 1208 crimine

111 1227 326 1272 purgaverit.

159 1288 240 1332 Quo
259 1293 417 1332 tempore
440 1293 562 1322 autem
579 1287 683 1321 Alius
702 1286 809 1332 Jahja
828 1287 947 1321 adhuc
968 1289 1005 1321 in
1028 1290 1152 1322 castris
1183 1292 1466 1326 commorabatur
1495 1294 1636 1333 Sinam,
1664 1298 1799 1331 accidit

110 1354 257 1383 conatus
288 1349 543 1385 Moharnmedis
572 1349 593 1382 f.
625 1349 732 1383 Hadii
761 1349 927 1393 potiundi
958 1361 1022 1394 per
1053 1351 1124 1383 vim
1146 1353 1276 1385 montis
1307 1354 1478 1388 Meswari.
1532 1355 1651 1399 Quum
1677 1359 1797 1391 adhuc

106 1412 146 1444 in
175 1411 335 1456 partibus
362 1417 472 1445 staret
500 1410 576 1444 Alii
604 1410 751 1454 Jahjae,
778 1410 926 1454 saepius*
939 1410 1015 1453 jam
1043 1411 1204 1444 voluerat
1232 1413 1411 1457 quoddam
1440 1416 1518 1459 ejus
1551 1419 1733 1451 castellum
1761 1421 1797 1453 ei

107 1473 284 1516 surripere
305 1479 342 1506 et
362 1471 524 1516 inprimis
544 1472 595 1503 ita
615 1476 764 1503 conatus
791 1476 868 1503 erat
897 1482 978 1504 eum
1006 1471 1144 1515 privare
1174 1474 1327 1517 primum
1358 1476 1501 1508 castello
1522 1478 1686 1518 Modum,
1716 1487 1791 1514 tum

109 1532 253 1565 castello
284 1533 463 1566 Meswari:
489 1543 582 1576 quae
610 1530 796 1563 conamina
825 1536 945 1564 autem
973 1532 1010 1564 in
1039 1532 1198 1566 Paschae
1229 1535 1333 1568 unius
1354 1537 1634 1572 emolumentum
1663 1553 1792 1575 evene-

107 1600 196 1627 rant.
247 1593 325 1626 Jam
346 1605 428 1627 vcro
447 1598 527 1637 post
547 1591 723 1636 perfidum
742 1593 820 1636 ejus
841 1594 885 1625 ad
908 1593 1095 1626 Sultanum
1125 1595 1378 1639 transfugium,
1413 1598 1524 1630 multo
1552 1601 1698 1644 quidem
1728 1603 1792 1634 ho-

105 1666 190 1687 nore
209 1666 291 1687 eum
311 1654 482 1687 affecerat
502 1652 638 1686 Pascha
656 1658 693 1685 et
713 1652 956 1697 Sandjakhegi
976 1665 1058 1686 cum
1088 1661 1275 1687 ornaverat
1300 1667 1468 1695 munere,
1496 1659 1557 1691 sed
1589 1660 1707 1693 adhuc
1739 1675 1794 1694 ca,

106 1716 207 1749 rebat
236 1715 391 1754 ditione,
418 1715 522 1759 cujus
549 1713 729 1757 regundae
757 1713 997 1746 intensissimo
1024 1713 1200 1758 flagrabat
1228 1716 1419 1749 desiderio.
1479 1719 1678 1754 Sollicitare
1708 1735 1791 1767 ergo

106 1777 224 1821 eoepit
241 1782 278 1810 et
298 1777 500 1810 clanculum
529 1775 574 1809 ad
591 1775 822 1808 rebellionem
849 1773 1000 1807 incitare
1022 1774 1155 1808 incolas
1186 1776 1366 1816 Meswari,
1392 1790 1459 1812 nec
1489 1781 1596 1814 desiit
1623 1794 1788 1827 proceres

106 1843 144 1870 et
171 1838 311 1871 infimos
340 1838 502 1871 homines
530 1837 710 1883 promissis
739 1842 777 1870 et
805 1835 906 1869 donis
935 1835 1003 1868 sihi
1030 1835 1231 1876 devincire,
1268 1838 1382 1872 donec
1412 1841 1542 1875 multos
1572 1844 1788 1878 reddidisset

104 1899 150 1932 ad
170 1899 410 1933 defectionem
430 1911 449 1932 a
468 1899 616 1932 Sultano
645 1898 832 1944 proclives.
883 1897 967 1929 Erat
996 1901 1116 1932 autem
1147 1900 1201 1932 vir
1230 1906 1336 1933 notae
1358 1902 1502 1936 virtutis
1523 1904 1693 1944 bellicae,
1721 1909 1784 1952 qui

104 1961 243 2004 saepius
264 1973 344 1995 cum
362 1973 471 2007 parva
488 1961 643 1994 militum
670 1971 778 1993 manu
806 1957 919 1992 multo
945 1960 1224 1994 numerosiorem
1242 1961 1493 2007 profligaverat
1514 1964 1661 1999 hostem.
1714 1969 1786 2000 Ac-

104 2021 194 2054 cidit
214 2029 333 2056 autem
352 2036 464 2061 nunc,
490 2030 531 2056 ut
549 2025 785 2068 exploratores
806 2024 839 2057 ei
858 2022 1104 2057 nuntiaverint
1125 2033 1236 2055 unum
1254 2035 1273 2056 e
1294 2025 1446 2058 castellis
1477 2026 1656 2066 Meswari,
1685 2028 1780 2060 Reit-

104 2080 184 2114 Fai's
203 2088 215 2104 ἃ
239 2083 393 2122 dictum,
420 2096 493 2121 riou
512 2084 685 2122 custodiri
702 2086 771 2120 nisi
797 2096 816 2118 a
835 2095 945 2130 parva
963 2083 1118 2120 militum
1135 2095 1260 2121 manu:
1289 2092 1364 2132 erat
1393 2092 1513 2122 autem
1541 2088 1629 2122 illud
1657 2088 1782 2119 altissi-

1686 2160 1782 2181 inum

156 2260 274 2304 'ev-23
303 2276 389 2302 Q
