2055 2865
830 166 1114 204 ,ιη-15..-

142 261 354 300 Hauschani
383 265 408 301 ²,
442 264 484 295 ut
504 258 674 296 adeo>ibi
694 258 747 296 illi
772 259 997 298 satisfaceret
1016 260 1061 295 de
1080 262 1171 298 urbe
1200 262 1316 302 Saada
1343 268 1382 301 et
1409 263 1616 302 ostenderet
1645 279 1723 303 cam
1751 283 1806 305 re-

142 335 228 361 vera
245 323 426 369 pertinere
446 320 492 355 ad
511 320 700 365 imperium
720 320 880 359 Sultani‚
905 324 1020 365 utque
1046 321 1147 356 illum
1176 333 1219 357 eo
1247 324 1415 365 duceret,
1439 331 1482 361 ut
1511 326 1734 372 conjunctim
1748 330 1808 364 lit-

140 390 234 421 teras
253 382 440 416 mitterent
463 380 509 414 ad
529 379 731 416 Ahmedem
758 380 782 418 f.
802 377 952 414 Hoseini
980 378 1224 432 al-Moajjedi,
1249 383 1380 428 quibus
1407 385 1621 421 reducerent
1651 399 1734 422 eum
1759 391 1803 424 ad

135 441 381 479 ,obedientiam
410 440 552 486 imperii
581 438 767 474 Sultanici.
824 437 949 482 Neque
981 437 1176 476 difficulter
1203 440 1243 474 in
1275 441 1369 477 hane
1407 447 1624 481 sententiam
1664 449 1806 484 transiit

133 502 372 544 Izzeddinus3
396 500 524 537 maluit
543 498 638 532 enim
655 508 746 543 pace
773 497 958 543 utiquam
985 497 1099 541 bello;
1125 510 1254 545 quare,
1280 499 1311 534 si
1338 499 1429 536 haec
1459 508 1637 542 communi
1658 510 1807 545 consilio

137 562 275 608 integre
291 561 438 598 fierent,
464 558 596 592 iterum
611 557 686 603 ipse
712 557 797 591 Alio
827 557 956 603 Jahjae
975 558 1158 604 pollicitus
1186 565 1242 594 est
1270 559 1556 599 incolumitatem
1575 573 1611 602 et
1631 571 1805 605 securim?

137 627 223 659 tem,
249 620 278 653 si
294 619 440 664 quidem
456 618 679 664 quiesceret,
704 629 823 664 neque
844 617 995 664 imperio
1016 618 1156 654 Sultani
1175 632 1214 655 se
1233 627 1441 666 opponeret.

185 681 271 715 Post
290 678 411 714 Veziri
431 678 588 712 reditum
607 678 750 724 paravit
765 691 802 717 se
821 679 1036 717 Izzeddinus
1059 680 1105 717 ad
1125 680 1364 727 colloquium,
1389 682 1434 717 de
1450 696 1522 731 quo
1543 697 1623 721 cum
1644 687 1705 722 illo
1726 699 1807 723 con—

138 745 303 782 venerat3
339 739 402 773 sed
431 738 563 773 frustra
586 739 627 772 in
652 738 731 773 loco
761 745 799 773 et
828 745 986 786 tempore
1016 739 1215 774 constituto
1249 741 1375 778 Alium
1402 744 1547 791 Jahjam
1574 750 1807 794 exspectavit·

134 800 316 836 Redeunti
334 812 418 834 vero
437 799 689 846 Caucabanum
704 800 933 837 annuntiavit
952 800 1030 839 ille,
1056 800 1258 836 Ahmedem
1273 801 1296 836 s-
1317 803 1468 839 Hoseini
1488 806 1709 852 al-lttoajjedi
1730 820 1806 843 esse

134 873 239 895 suum
268 860 424 899 socium,
460 860 600 904 sibique
627 859 799 898 amicum,
834 872 953 906 neque
982 861 1072 895 adeo
1101 871 1197 899 sese,
1223 861 1524 909 quandoquidem⁴
1541 868 1660 901 mutui
1681 869 1804 904 auxilii

134 927 281 968 pactum
301 924 337 957 et
356 920 481 955 foedus
502 919 674 957 inierant,
700 930 803 964 posse
814 919 1015 964 quiescere,
1041 920 1071 955 si
1087 921 1231 966 quando
1249 922 1383 957 bellum
1401 923 1569 961 adversus
1587 926 1687 960 illum
1707 940 1805 973 gerc-

134 988 245 1017 retur.
294 980 407 1015 Multa
434 992 579 1026 quoque
609 979 665 1012 his
694 979 733 1011 in
758 978 890 1011 litteris
920 985 1137 1025 conquestus
1157 986 1214 1014 est
1232 981 1279 1015 de
1305 983 1554 1029 conjuratione
1575 994 1806 1032 cognatorum

133 1054 281 1078 suorum
309 1041 476 1075 adversus
496 1051 533 1073 se
563 1044 600 1072 et
626 1038 828 1073 Ahmedem
849 1039 871 1078 f,
891 1039 1041 1073 Hoseini
1070 1046 1108 1074 et
1133 1041 1415 1077 Mohammedem
1436 1044 1458 1079 f.
1479 1045 1605 1079 Nasiri.
1656 1047 1701 1080 Se
1722 1061 1807 1083 vero

134 1104 216 1140 idco
237 1102 350 1136 socios
371 1110 452 1133 suos
471 1109 544 1131 non
563 1098 792 1139 relicturum,
818 1099 989 1138 asseruit,
1015 1100 1128 1134 multo
1148 1101 1266 1136 minus
1286 1115 1346 1138 eos
1374 1103 1468 1139 bello
1489 1106 1689 1152 petiturum
1709 1119 1804 1143 esse.

131 1173 273 1198 omnem
301 1172 376 1194 rem
404 1170 480 1193 esse
507 1158 546 1192 in
574 1160 739 1196 manibus
769 1160 837 1194 Dei
866 1159 1010 1199 summi,
1043 1172 1064 1193 a
1084 1172 1156 1206 quo
1185 1161 1308 1197 venire
1328 1175 1432 1199 omne
1453 1166 1624 1201 auxilium
1645 1173 1681 1201 et
1698 1168 1805 1202 robur

128 1233 215 1265 ‚cum
233 1219 400 1258 victoria,
425 1219 464 1253 in
482 1230 554 1264 quo
575 1231 674 1265 spem
692 1232 795 1259 suam
814 1233 852 1255 se
872 1232 1007 1266 ponere
1035 1233 1186 1255 omnem.
1237 1223 1389 1258 Multum
1417 1237 1562 1272 quoque
1582 1233 1730 1273 questus
1751 1235 1806 1263 est

130 1282 178 1321 de
198 1280 384 1329 tyrannide
406 1280 584 1315 Sultanici
614 1280 773 1327 imperii,
809 1294 930 1317 omnes
959 1294 1059 1328 reges
1086 1288 1123 1316 ct
1138 1282 1318 1328 principes
1339 1284 1407 1319 sibi
1425 1286 1653 1333 subjicientis
1669 1300 1807 1322 eorum—

126 1330 203 1390 ,une
225 1349 336 1378 terras
356 1340 570 1386 diripientis.
620 1342 781 1378 Tandem
805 1342 967 1389 inprimis
986 1342 1219 1376 Izzeddinum
1238 1344 1396 1384 monuit,
1421 1357 1468 1381 ne
1490 1347 1642 1381 nimium
1662 1348 1804 1382 Sultani

132 1402 329 1441 amicitiam
349 1401 498 1437 colendo
518 1401 595 1447 ipse
616 1403 685 1438 sibi
704 1403 893 1441 interitum
912 1408 1064 1447 pararet.

124 1502 127 1505 Α
181 1462 347 1496 Firmiter
361 1473 443 1506 ergo
464 1463 702 1497 constituerat
720 1462 805 1495 belli
825 1462 1006 1495 fortunam
1026 1462 1196 1507 experiri:
1221 1473 1289 1497 nec
1308 1474 1452 1508 prorsus
1470 1467 1699 1503 temerarium
1725 1476 1804 1504 erat

129 1520 203 1557 hoc
222 1520 298 1553 Alii
316 1519 445 1565 Jahjae
465 1521 672 1563 consilium3
699 1526 778 1554 erat
804 1520 900 1554 cniln
927 1521 965 1555 id
995 1522 1163 1567 temporis
1192 1522 1296 1556 valde
1326 1528 1453 1569 potens
1482 1528 1659 1563 militibus
1683 1536 1720 1564 et
1750 1531 1804 1564 in-

130 1586 290 1616 structus
312 1579 407 1613 omni
428 1585 602 1623 apparatu
619 1579 749 1613 bellico
769 1585 877 1624 atque
894 1581 1021 1625 opibus
1037 1582 1242 1622 abundans,
1266 1596 1360 1628 quac
1386 1585 1504 1618 omnia
1529 1587 1716 1621 audaciam
1742 1601 1803 1622 na—

133 1646 211 1676 tura
237 1638 584 1685 insitamssaugebant
608 1651 762 1685 eumque
790 1639 1020 1684 impellebant
1047 1641 1092 1676 ad
1112 1643 1351 1676 resistendum
1376 1644 1561 1688 potent-iae
1585 1646 1802 1681 Sultanicaffl

133 1700 269 1745 Quodsi
287 1711 307 1732 a
326 1698 431 1732 sociis
451 1698 523 1732 suis
552 1699 722 1733 fratribus
747 1705 783 1733 et
808 1699 1031 1745 principibus
1060 1702 1264 1742 Ahnoumi,
1290 1702 1419 1748 Djosae
1444 1715 1486 1738 ac
1512 1705 1649 1740 Saadae
1676 1719 1804 1742 seeun-

122 1759 218 1806 >dum
243 1760 388 1794 foedera
407 1770 471 1804 pro
497 1760 672 1806 cujusque
698 1760 835 1795 viribus
860 1760 998 1795 sincere
1026 1762 1276 1807 adjuvaretur,
1303 1763 1401 1799 haud
1427 1764 1537 1804 dubie
1564 1777 1628 1812 par
1651 1774 1728 1801 erat
1751 1768 1803 1802 ‹li-

132 1821 266 1859 cendus
285 1819 444 1855 Paschae
461 1819 647 1854 Sultanico
667 1820 725 1855 vel
746 1820 867 1866 potius
884 1832 926 1854 eo
944 1823 1105 1867 superior
1120 1829 1199 1859 erat
1216 1824 1471 1861 aestimandus.

181 1881 393 1917 Izzeddinus
423 1892 526 1919 vero,
551 1881 615 1926 qui
641 1881 726 1915 satis
745 1887 912 1920 noverat,
938 1894 1046 1927 quam
1080 1882 1202 1920 inania
1226 1882 1299 1921 sint
1322 1883 1470 1920 foedera
1495 1886 1590 1924 inter
1616 1886 1712 1927 illos,
1739 1890 1802 1933 qui

124 1929 274 1987 'saepius
301 1953 337 1975 se
358 1941 513 1976 invicem
531 1942 674 1976 saflaces
692 1947 728 1975 et
746 1941 900 1986 perfidos
921 1947 1005 1975 sunt
1025 1942 1180 1987 experti,
1206 1942 1366 1980 nondum
1386 1946 1530 1981 omnino
1546 1945 1656 1981 desiit
1681 1950 1800 1993 patrui

124 2002 189 2044 vsui
210 2001 323 2035 filium
339 2001 430 2035 serio
449 2001 632 2035 dehortari
648 2013 669 2035 a
684 2001 778 2036 bello
797 2014 878 2039 culn
895 2001 1087 2047 praefectis
1113 2004 1306 2040 Sultanicis
1335 2007 1500 2053 gerendo.
1551 1993 1648 2052 Quin
1674 2009 1798 2047 etiam,

135 2072 350 2109 quamquam
374 2060 492 2095 adhuc
517 2072 637 2095 omnes
657 2068 804 2095 conatus
830 2062 875 2095 ad
898 2074 980 2095 eum
1004 2064 1286 2099 conservandum
1306 2064 1407 2100 ‘sacti
1439 2063 1531 2099 male
1552 2067 1740 2101 cessissent
1765 2075 1802 2101 et

135 2123 280 2166 insuper
303 2120 542 2154 frustraneum
568 2121 638 2155 iter
657 2122 702 2155 ad
728 2122 936 2156 IIauschani
955 2135 1119 2170 campum
1136 2125 1212 2170 ipsc
1234 2124 1472 2172 suscepisset,
1496 2124 1615 2160 denuo
1637 2127 1735 2161 misit
1754 2128 1801 2162 art

1718 2199 1798 2221 cum

186 2299 198 2316 ⁸
216 2293 349 2340 Ooep.
