2055 2865
849 213 920 222 -—-
973 195 1040 231 103
1088 215 1187 226 ---*

163 291 306 337 Reliqui
324 289 369 325 ad
390 289 553 325 Affarum
581 300 653 324 non
681 289 866 325 redierunt
886 290 948 324 sed
977 290 1196 337 aufugerunt
1223 306 1331 340 quam
1357 296 1508 331 maxime
1538 296 1706 344 dispersi,
1733 300 1793 334 alii
1812 301 1855 337 in,

163 355 248 388 alias
268 359 396 387 terras:
423 364 465 385 ex
486 351 597 397 copiis
617 352 807 388 Sultanieis
828 357 948 386 autem
966 364 1070 385 nemo
1088 353 1368 390 desiderabatur.

175 450 179 454 ,
208 416 370 450 Tertium
388 420 508 448 autem
527 414 702 459 proelium
720 414 912 448 Sultanicis
932 413 1186 449 faustissimum
1207 428 1249 450 eo
1267 418 1325 451 die
1344 419 1476 455 accidit
1496 421 1533 455 in
1550 421 1718 468 Hadjdja.
1768 423 1844 459 Ab·

160 478 362 512 darrahimo
393 476 415 509 f.
446 475 731 509 Abdarrahmani
758 475 781 508 f.
813 474 1043 509 Mothahheri
1067 477 1300 511 mandaverat
1333 481 1472 516 Pascha
1505 489 1547 517 ut
1577 496 1658 518 cum
1685 487 1846 522 exercitu

162 552 233 585 quo
253 538 440 576 utebatur,
467 542 688 583 oppugnaret
707 536 1111 586 Dhafirum-Hadjdjae3
1131 538 1235 584 eique
1248 539 1455 575 advenienti
1466 555 1502 576 se
1519 553 1732 590 opposuerat
1743 548 1848 583 Alius

163 601 269 645 Jahja
289 611 369 633 eum
385 599 559 632 militibus
587 599 677 637 suis,
705 598 976 633 Dhafirensibus
1007 605 1043 633 et
1071 600 1198 634 Imami
1223 601 1357 635 Ilasani
1387 604 1536 637 auxiliis.
1587 607 1683 640 Inito
1712 610 1848 653 proelio

162 662 260 695 haud
278 660 341 693 diu
362 659 472 693 dubia
487 659 557 694 fuit
574 660 745 703 victoria3
770 663 948 707 repulsam
976 661 1060 695 tulit
1088 662 1192 696 Alius
1212 663 1319 708 Jahja
1345 676 1425 698 cum
1439 677 1566 710 magna
1583 679 1726 701 suorum
1747 671 1847 704 clade

165 729 200 756 et
231 727 375 755 coactus
404 728 459 755 est
485 722 579 755 intra
606 722 745 757 Dhafiri
772 725 993 758 munimenta
1022 736 1057 758 se
1088 724 1258 768 recipere.
1310 726 1457 760 Fractae
1486 733 1572 760 tunc
1602 730 1744 763 omnino
1766 739 1850 766 sunt

163 785 271 829 hujus
288 784 459 829 principis
484 784 578 819 vires
608 785 814 830 fractusque
844 786 933 819 adeo
964 786 1042 831 ejus
1071 791 1107 819 et
1134 786 1312 819 sociorum
1339 788 1417 833 ejus
1442 789 1599 829 animus,
1625 796 1668 824 ut
1686 803 1763 826 sese
1784 793 1847 826 ad-

165 846 330 880 versariis
349 846 386 878 in
406 852 529 891 aperto
550 857 673 891 campo
694 838 873 891 opponere
891 848 1060 893 deinceps
1081 858 1154 880 non
1175 847 1246 880 sint
1261 849 1349 882 ausi.

214 906 300 939 Post
327 913 567 950 expugnatum
596 911 754 939 montem
775 913 811 939 et
831 908 1015 940 castellum
1038 909 1190 953 Djaraae
1212 909 1316 941 irruit
1336 909 1511 943 exereitus
1532 911 1735 946 Sultanicus
1755 911 1849 949 duce

165 966 296 1001 Sinano
316 965 354 999 in
371 967 497 1001 urbem
515 968 697 1005 Affarum,
725 979 816 1012 quae
836 968 908 1002 alto
936 969 973 1001 in
999 969 1079 1001 Ioco
1106 969 1268 1007 condita,
1293 980 1394 1002 muro
1426 971 1645 1006 circumdata
1661 975 1847 1021 portisque

165 1028 306 1062 occlusa
320 1054 327 1067 ,
354 1028 452 1063 lraud
468 1030 662 1063 difficulter
679 1035 940 1073 oppugnatores
959 1030 1179 1074 aliquamdiu
1199 1029 1375 1073 potuisset
1404 1032 1575 1075 repellere
1603 1034 1631 1066 si
1653 1046 1673 1066 a
1700 1036 1853 1071 sortibus

162 1089 309 1124 defensa
334 1090 460 1124 fuisset
486 1092 669 1125 militibus.
720 1091 839 1124 Primo
871 1095 989 1123 tamen
1008 1091 1145 1135 impetu
1172 1102 1250 1123 eam
1278 1091 1375 1135 cepit
1403 1091 1579 1125 Sinanus:
1608 1095 1731 1139 copiae
1753 1098 1848 1131 enim

164 1151 419 1190 Gautseddini‚
446 1152 576 1198 quibus
596 1153 690 1185 illius
711 1150 872 1184 defensio
892 1156 969 1184 erat
986 1152 1132 1190 tradita,
1159 1152 1335 1185 Sultanici
1350 1153 1526 1186 exercitus
1544 1154 1704 1201 undique
1721 1157 1850 1192 irrum-

160 1213 278 1260 pentis
295 1213 367 1246 vim
383 1224 456 1246 non
484 1214 732 1247 sustinuerunt
757 1219 793 1246 et
817 1218 898 1258 post
929 1224 1072 1258 segnem
1099 1212 1347 1247 defensionem
1375 1213 1543 1258 fugerunt
1562 1215 1606 1248 ad
1628 1215 1844 1252 Gautseddi-

158 1287 246 1308 num
268 1275 306 1306 in
333 1274 412 1318 ejus
437 1274 535 1308 urbis
562 1275 842 1309 munitissimum
869 1275 1064 1307 castellum.
1122 1274 1279 1308 Intravit
1313 1287 1395 1320 ergo
1426 1275 1602 1308 exercitus
1640 1277 1846 1314 Sultanicus

161 1332 240 1370 eam
263 1335 390 1369 urbem
418 1336 477 1369 die
508 1337 616 1370 tertio
645 1337 841 1381 Djomadae
877 1335 1004 1379 prioris
1032 1335 1117 1368 anni
1145 1335 1216 1369 993
1248 1333 1300 1378 (a.
1325 1336 1358 1369 d.
1386 1335 1432 1370 23
1453 1335 1539 1381 Apr.
1564 1336 1688 1381 1585).
1741 1339 1842 1374 Tune

159 1397 304 1431 demum
332 1397 517 1431 obsidione
546 1398 742 1431 arctissima
770 1396 886 1430 Affari
917 1396 1101 1429 castellum
1128 1402 1182 1429 est
1212 1397 1471 1430 circumdatum
1496 1397 1676 1443 undique,
1711 1406 1753 1434 ut
1775 1412 1848 1436 non

160 1459 346 1504 potuerint
367 1459 572 1492 Affarenses
592 1460 686 1492 exire
708 1470 826 1503 neque
856 1457 1007 1490 intrare:
1044 1457 1266 1490 conabantur
1294 1458 1438 1503 quidem
1467 1459 1639 1492 Sinanum
1674 1462 1848 1505 repellere

163 1530 227 1564 per
252 1519 459 1552 continuam
489 1524 747 1551 tormentorum
775 1518 1014 1562 explosionem
1032 1544 1039 1557 ‚
1074 1519 1136 1551 sed
1166 1518 1296 1551 frustra
1331 1519 1369 1552 id
1404 1526 1554 1564 egerunt
1590 1522 1841 1568 neminemque

165 1579 240 1613 fere
259 1579 450 1612 laeserunt.
502 1579 696 1612 Constituit
717 1585 803 1612 tunc
824 1579 976 1611 Sinanus
996 1579 1200 1612 Khidhrum
1228 1585 1264 1612 et
1292 1579 1481 1612 Abdallam
1509 1581 1545 1613 in
1576 1581 1723 1614 elatiore
1750 1583 1849 1616 urbis

165 1639 305 1673 tumulo
335 1650 416 1671 cum
445 1639 770 1683 propugnatoribus
795 1639 926 1684 quibus
945 1650 1004 1671 eos
1023 1639 1263 1683 praefecerat,
1294 1645 1330 1672 et
1351 1640 1461 1672 cinxit
1490 1640 1654 1673 Affarum
1673 1653 1745 1675 non
1773 1649 1849 1677 tan-

165 1706 245 1734 tum
261 1699 427 1744 operibus
453 1699 607 1738 bellicis,
635 1700 696 1733 sed
726 1706 762 1732 et
790 1700 955 1732 domibus
986 1700 1184 1737 continuis,
1211 1711 1300 1745 quas
1328 1699 1460 1733 milites
1490 1700 1712 1741 habitarent,
1746 1710 1786 1738 ut
1812 1710 1851 1740 et

166 1761 234 1807 ipsi
253 1761 379 1794 melius
406 1760 516 1805 frigus
548 1762 741 1794 tolerarent
768 1766 803 1794 et
823 1761 918 1794 hosti
939 1772 1079 1793 omnem
1098 1772 1195 1804 spem
1220 1760 1342 1793 salutis
1362 1761 1626 1796 abscinderent.
1676 1763 1851 1799 Abunda-

168 1823 255 1856 bant
272 1827 392 1855 autem
412 1822 502 1855 haee
529 1829 645 1856 castra
673 1823 851 1856 alimentis
873 1828 909 1855 et
930 1822 1093 1855 omnibus
1114 1821 1220 1854 rebus
1241 1821 1285 1853 ad
1310 1822 1421 1854 vitam
1444 1824 1671 1862 necessariis,
1698 1837 1850 1871 quarum

166 1883 304 1917 Arabes
325 1883 621 1927 circumjacentes
641 1890 676 1917 et
693 1890 910 1917 mercatores
929 1883 1121 1916 admodum
1148 1882 1279 1924 largam
1299 1883 1436 1927 copiam
1458 1883 1697 1919 advehebant.

217 1943 418 1989 Expugnati
437 1944 545 1989 hujus
565 1946 687 1989 oppidi
707 1944 855 1976 nuntius
876 1943 920 1976 ad
946 1943 1119 1976 Pascham
1149 1944 1249 1975 venit
1264 1969 1271 1980 ,
1298 1955 1409 1988 quum
1439 1944 1553 1978 Sanaa
1579 1959 1741 1991 egressus
1760 1955 1853 1988 erat‚'

170 2010 212 2037 ut
235 2004 377 2037 obviam
404 2006 474 2038 iret
502 2005 708 2038 muneribus
736 2003 928 2037 Sultanicis
955 2003 999 2036 ad
1028 2003 1126 2036 illum
1153 2003 1297 2037 honoris
1326 2015 1431 2038 causa
1454 2018 1518 2051 per
1542 2008 1699 2053 legatum
1726 2010 1852 2044 missis.

169 2063 255 2096 Erat
277 2065 306 2096 is
334 2064 473 2107 legatus
504 2064 581 2109 Aga
609 2064 711 2097 Alius
738 2065 948 2102 Molrordar,
984 2076 1091 2109 quem
1118 2065 1162 2097 ad
1193 2065 1382 2099 Sultanum
1409 2068 1555 2102 miserat
1587 2070 1748 2101 {insanus
1771 2081 1854 2104 cum

170 2127 297 2157 nuntio
317 2130 537 2169 expugnatae
555 2126 652 2159 urbis
673 2126 810 2162 Saadae
830 2131 867 2158 et
895 2125 1062 2158 interitus
1090 2125 1263 2159 Alnnedis
1291 2126 1314 2160 f.
1335 2127 1482 2161 Hosei-ni
1503 2129 1748 2172 al-Moajjedis
1783 2131 1854 2165 Oc..

172 2185 283 2218 currit
303 2185 335 2217 ei
355 2186 516 2218 llasanus
536 2198 649 2231 usque
677 2187 720 2219 ad
749 2188 867 2220 locum
896 2185 1136 2218 {tamar-Mal,
1164 2187 1301 2220 dictum
1328 2199 1407 2220 eum
1435 2189 1593 2221 exercitu
1613 2189 1796 2223 Sultanico
1816 2198 1853 2226 et

171 2245 391 2290 principibus
410 2246 652 2292 ministrisque
675 2247 907 2284 Otsmanicis‚
930 2252 966 2279 ct
987 2247 1125 2291 accepit
1146 2253 1286 2291 praeter
1306 2247 1589 2292 splendidissima
1611 2249 1704 2282 dona
1724 2251 1854 2295 episto-

170 2305 241 2339 lam
262 2305 418 2345 sultam,
443 2318 630 2353 perquam
646 2307 758 2352 major
785 2307 925 2341 Hasano
957 2305 1181 2339 tribuebatur
1204 2307 1316 2340 honor
1345 2313 1383 2342 et
1411 2306 1506 2347 laus,
1533 2320 1640 2355 quam
1666 2310 1731 2345 ulti
1749 2323 1852 2357 prae-

1786 2391 1788 2393 *
1801 2384 1859 2408 θῦν
