2055 2865
803 226 873 234 ——
922 210 971 246 20·
1016 227 1132 233 —-⁷-

109 307 256 342 redierit
287 306 546 342 Desterdarius‘
567 318 608 340 ex
642 305 776 351 proelio
806 306 850 339 ad
877 312 990 339 castra
1021 306 1250 339 Mincalensia
1280 318 1361 340 cum
1391 308 1550 343 exercitu
1580 309 1716 343 victore
1747 316 1784 344 e‘t

110 370 240 415 praeda
261 374 408 412 onust03
434 375 514 414 post
536 368 673 402 cladem
689 367 783 401 enim
803 366 921 400 omnia
941 378 1004 399 sua
1024 366 1231 411 abjecerant
1253 367 1327 402 Alii
1355 369 1481 415 Jahjae
1503 371 1653 411 milites,
1680 377 1722 406 ut
1741 384 1785 406 eo

111 431 216 464 citius
237 431 410 475 fugerent.

158 492 282 525 Sinani
301 498 422 525 autem
441 492 634 529 exereitus,
661 488 792 534 oppido
814 489 902 522 Beni
922 488 1069 522 Kothail
1089 488 1234 528 relicto,
1260 493 1432 535 perrexit,
1461 496 1643 529 ordinibus
1673 509 1789 542 quan-

108 557 187 586 tum
206 564 269 597 per
288 552 381 586 viam
400 564 559 596 asperam
586 549 721 583 licebat
749 550 983 588 conservatis,
1011 550 1080 583 iter
1099 550 1216 584 facere
1246 563 1359 597 usque
1381 553 1425 585 ad
1444 554 1640 595 Karenum,
1668 558 1786 591 locum

110 619 238 646 natura
258 619 294 645 et
313 618 388 644 arte
409 612 547 657 egregie
566 612 765 650 munitum,
789 623 897 657 quem
927 611 1171 645 defendebant
1198 613 1283 645 lecti
1313 625 1354 646 ex
1375 613 1448 647 Alii
1477 615 1603 661 Jahjae
1625 620 1785 652 exercitu

112 674 241 707 milites
262 684 344 705 cum
364 673 458 706 illius
474 673 628 718 regionis
645 673 786 712 incolis,
812 684 965 718 quorum
985 673 1135 706 audacia
1156 679 1192 706 01
1214 673 1326 707 virtus
1344 675 1401 708 vel
1418 676 1511 709 inter
1531 676 1668 710 Arabes
1689 685 1790 712 crant

113 736 237 768 clarae.
289 735 369 767 Mox
387 745 512 767 manus
535 740 793 767 conseruerunt
810 734 953 773 eodem,
980 747 1052 780 quo
1081 735 1126 768 ad
1146 735 1265 769 hostes
1295 742 1494 770 accesserat
1515 738 1685 777 Sinanus,
1712 740 1787 778 die,

114 795 175 841 qui
198 801 273 828 erat
294 795 382 828 scria
402 795 547 841 quinta,
574 796 632 829 die
653 796 823 841 vigesimo
846 796 953 828 tertio
983 796 1181 840 Djomadae
1210 796 1355 840 prioris,
1383 799 1467 831 anni
1495 798 1566 833 990
1596 799 1647 841 (a.
1679 801 1712 833 d.
1748 801 1791 835 1ss

114 856 214 889 ,Iunii
238 856 351 900 1582)
381 863 418 890 01
437 857 568 889 acriter
588 857 757 902 utrinque
784 862 982 902 pugnatum
1013 863 1076 890 est.
1127 856 1259 890 Animo
1290 859 1641 903 comprehendebant
1663 862 1787 895 Sinani

112 917 245 950 milites
264 917 356 962 nihil
374 929 412 949 50
435 911 616 955 effecisse,
642 929 759 963 neque
780 918 1022 963 perfecturos,
1048 919 1117 951 nisi
1144 918 1242 951 1111110
1271 919 1442 952 vicissent
1463 920 1603 954 hostem
1632 928 1668 955 01
1686 935 1790 967 prac-

115 984 215 1011 terea
234 977 410 1011 redeundi
438 978 571 1011 nullam
601 990 676 1011 esse
707 979 819 1017 viam,
854 979 924 1012 nisi
953 978 1200 1012 difficillimam
1227 990 1292 1023 per
1307 979 1485 1012 'hostilem
1512 987 1658 1021 terram,
1684 996 1793 1029 quam

119 1040 274 1073 victores
295 1040 353 1073 vix
374 1039 489 1073 securi
503 1045 797 1084 peragraverunt:
824 1045 1040 1084 quapropter
1066 1050 1205 1071 omnem
1236 1041 1475 1084 oppugnando
1505 1054 1648 1086 operam
1678 1044 1789 1078 dede-

117 1107 204 1134 runt
224 1101 395 1134 alacriter.
445 1100 667 1133 Karenenses
687 1106 811 1133 contra
838 1105 875 1133 et
894 1099 968 1133 Alii
988 1099 1115 1144 Jahjne
1136 1099 1266 1132 milites
1287 1101 1493 1135 stimulabat
1519 1102 1663 1137 innatus
1684 1105 1794 1138 animi

119 1162 223 1195 ardor
241 1161 455 1206 virtutisque
476 1161 552 1194 laus
569 1161 646 1206 jam
664 1161 728 1195 diu
745 1167 948 1207 comparata
968 1167 1004 1194 et
1024 1161 1238 1205 ignominiae
1260 1174 1398 1201 sensus,
1426 1162 1455 1195 si
1476 1163 1575 1197 illum
1593 1166 1795 1199 munitissi-

118 1234 215 1257 mum
232 1223 351 1256 locum
370 1222 563 1256 defendere
584 1223 841 1268 nequivissent.
892 1223 948 1256 Fit
969 1235 1050 1267 ergo
1072 1228 1171 1255 atrox
1191 1223 1385 1268 proelium;
1413 1224 1515 1268 eujus
1543 1225 1603 1259 hic
1633 1227 1702 1260 suit
1723 1228 1797 1261 exi-

117 1288 195 1321 tus,
221 1289 262 1317 ut
281 1289 361 1328 post
380 1283 525 1317 brevem
545 1289 582 1317 at
601 1284 885 1318 ardentissimam
908 1296 1064 1329 pugnam
1093 1284 1217 1317 Sinani
1245 1284 1369 1330 copiae
1397 1292 1543 1319 coactae
1574 1287 1645 1321 sint
1673 1300 1711 1322 re
1740 1289 1794 1322 in-

119 1344 215 1378 secta
231 1344 363 1378 referre
385 1345 533 1390 gradum
551 1351 588 1378 et
606 1346 805 1390 paullulum
824 1352 920 1379 retro
941 1351 1055 1378 eastra
1071 1358 1213 1390 ponere.

167 1406 302 1439 Eodem
322 1406 380 1440 die
398 1413 596 1452 pugnatum
617 1413 670 1440 est
690 1407 728 1439 in
748 1407 832 1452 ipsis
851 1406 1032 1439 montibus
1050 1407 1173 1439 Tsolae
1195 1407 1287 1440 inter
1317 1408 1457 1441 Sultani
1485 1409 1698 1448 exercitum,
1726 1410 1794 1444 du-

121 1468 380 1511 eeMustapha,
400 1474 436 1500 et
456 1468 531 1500 Alii
552 1467 680 1511 Jahjao
701 1467 838 1511 copias3
867 1472 1015 1511 eratque
1032 1467 1069 1499 id
1090 1467 1274 1511 ejusmodi.
1327 1468 1568 1503 Constituerat
1588 1470 1691 1504 Alius
1710 1472 1794 1505 Jah-

118 1528 173 1572 ja,
201 1527 324 1559 audita
351 1527 503 1559 111010]ἰᾶ
532 1538 553 1559 a
579 1527 710 1560 Sinano
736 1533 915 1572 reportata
943 1527 987 1560 de
1016 1527 1307 1562 Kotha'ilfflsibus
1335 1535 1371 1562 et
1396 1529 1634 1564 Gautseddini
1664 1534 1794 1578 copiis,

123 1589 212 1620 elam
233 1587 395 1620 hostibus
418 1587 519 1619 Tsola
534 1588 712 1631 proficisci
735 1600 815 1620 cum
842 1589 953 1632 copiis
977 1588 1080 1620 lectis
1112 1594 1148 1620 et
1177 1594 1299 1632 petere
1328 1590 1527 1629 Karenum,
1555 1598 1594 1624 ut
1621 1593 1671 1625 ita
1693 1595 1796 1627 Sina-

121 1660 207 1681 num
227 1647 318 1680 nihil
338 1659 357 1679 a
378 1653 474 1691 tergo
496 1648 752 1692 suspicantem,
780 1647 874 1680 intra
892 1648 980 1680 duas
1002 1648 1095 1680 acies
1114 1649 1270 1692 positum
1292 1651 1542 1695 comprimeret
1572 1658 1607 1685 01
1637 1655 1795 1688 occidio-

122 1722 167 1743 ne
189 1708 377 1742 occideret.
427 1708 591 1742 Huncin
619 1708 742 1746 finem,
768 1720 814 1741 ne
847 1708 1014 1742 Tsolanos
1045 1709 1183 1742 interea
1211 1710 1287 1743 sine
1314 1711 1406 1744 duee
1436 1712 1673 1758 relinqueret,
1710 1716 1796 1750 111110

123 1769 204 1804 urbi
222 1768 445 1814 praefecerat
464 1770 609 1803 fratrem
630 1781 733 1803 suum
753 1769 977 1803 Ibrahimum
995 1770 1017 1803 f.
1048 1771 1278 1804 Mothahheri
1304 1778 1341 1805 et
1369 1772 1560 1807 Abdallam
1581 1775 1602 1808 s.
1623 1776 1749 1821 Jahjae
1772 1779 1794 1812 f.

123 1829 261 1864 Moasae
289 1835 320 1868 ³,
364 1831 563 1877 principem
599 1831 749 1865 Saudae.
811 1830 920 1876 Cujus
960 1831 1011 1864 rei
1042 1830 1135 1869 sama
1182 1837 1223 1864 ut
1262 1833 1425 1877 pervenit
1460 1834 1710 1870 Caucabenum
1751 1840 1795 1872 ad

122 1891 372 1931 Izzeddinum,
399 1893 520 1926 statim
540 1893 599 1926 hic
618 1893 786 1926 nuntium
805 1892 902 1926 misit
919 1891 963 1924 ad
980 1890 1262 1930 Defterdarium,
1289 1893 1352 1938 qui
1369 1893 1465 1928 hunc
1483 1896 1560 1940 ejus
1586 1898 1637 1930 rei
1668 1899 1795 1933 redde-

124 1958 178 1985 ret
205 1952 412 1992 certiorem,
445 1954 619 1999 simulque
646 1952 731 1986 duci
760 1966 824 1987 suo
855 1952 1061 1989 Sehahano,
1085 1952 1148 1997 qui
1168 1957 1254 1985 tune
1283 1965 1365 1987 cum
1395 1957 1554 1989 exercitu
1581 1957 1762 1991 Sehibami
1781 1960 1796 1982 b

125 2018 217 2050 erat,
243 2013 449 2057 imperavit,
475 2019 516 2046 ut
538 2025 573 2046 se
590 2014 823 2058 conjungeret
845 2025 925 2046 cum
943 2011 1102 2044 exercitu
1121 2011 1304 2046 Sultanico
1323 2021 1360 2048 et
1381 2016 1477 2049 0111111
1504 2017 1540 2050 vi
1572 2017 1709 2050 Γ15010111
1731 2031 1792 2063 op-

122 2077 314 2118 pugnaret:
341 2079 382 2105 ut
402 2073 490 2106 adeo
502 2073 606 2106 Alius
625 2073 748 2118 Jahja,
775 2073 907 2106 auditis
928 2071 1054 2117 pioelii
1075 2072 1192 2105 sonitu
1205 2079 1241 2106 et
1263 2075 1431 2114 clamore,
1459 2077 1503 2109 ab
1522 2077 1648 2109 itinere
1671 2078 1792 2123 incep-

120 2138 159 2165 to
181 2138 217 2165 et
237 2132 383 2164 consilio
413 2144 476 2165 suo
501 2133 686 2166 recederet
714 2140 750 2167 01
776 2133 915 2166 Tsolam
940 2143 1059 2164 rursus
1084 2137 1242 2176 peteret,
1279 2135 1400 2168 sedem
1429 2148 1529 2169 suam
1554 2148 1710 2182 suaeque
1734 2138 1789 2171 di-

121 2193 230 2226 tionis
248 2192 373 2226 urbem
394 2191 667 2225 celeberrimam.
719 2192 824 2237 Quod
842 2187 1029 2233 'Izzeddini
1051 2193 1238 2227 consilium
1257 2195 1390 2238 optime
1413 2195 1534 2228 cessit:
1563 2207 1641 2231 cum
1655 2208 1791 2231 summo

1696 2258 1791 2291 enim

175 2373 190 2392 ²
208 2355 307 2402 kil-2255
336 2382 379 2418 0?
408 2379 515 2418 252²&
544 2381 587 2417 U?
616 2367 669 2401 &Mi
698 2376 775 2410 Qz,
943 2370 959 2393 b
978 2364 1060 2419 me'
