2055 2865
835 126 1117 161 -69-..

148 222 284 267 giorum
305 225 437 254 turmas
456 218 500 254 ad
527 220 703 254 exercitus
734 219 830 253 illius
857 220 1201 264 corroborationem3
1227 231 1320 267 quae
1350 220 1482 255 Sinano
1503 219 1652 255 fuorunt
1668 220 1816 254 utilism'-

144 293 234 315 mae.
284 280 371 316 Cum
391 282 486 315 enim
506 283 557 315 ita
577 288 703 316 auctus
724 287 817 315 esset
837 281 915 325 ejus
936 282 1137 326 equitatus,
1164 294 1243 328 quo*
1267 283 1474 327 praesertim
1501 288 1665 316 caruerat
1695 293 1815 328 quem-

143 354 214 387 que
233 342 278 375 ad
293 343 580 389 persequendum
608 343 748 376 hostem
775 341 974 386 fugientem
1001 342 1161 386 inprimis
1191 343 1471 382 desideraverat,
1501 343 1621 377 statim
1648 343 1745 376 misit
1766 343 1816 376 Si-

141 414 275 442 nanus,
309 404 372 449 qui
401 404 472 437 huc
503 415 616 449 usque
644 414 680 436 se
709 401 922 434 defenderat
948 407 1089 435 tantum
1118 408 1155 435 et
1184 403 1426 437 incursantem
1451 404 1590 438 hostem
1619 405 1817 450 repulerat.

143 465 308 498 cohortes
337 465 466 498 multas
491 464 672 508 expeditas
701 473 782 495 cum
807 462 902 495 omni
922 463 1087 508 equitatu
1109 463 1278 496 adversus
1308 464 1475 497 Selahum
1496 465 1517 497 f.
1542 465 1633 503 Alii,
1661 478 1753 511 quae
1776 477 1817 499 ex

143 524 328 570 inopinato
349 551 356 563 ‚
393 525 426 557 si·
448 525 526 557 fieri
552 528 692 568 posset,
729 523 807 568 ejus
835 529 951 556 castra
986 529 1243 568 oppugnarent.
1304 524 1404 569 Quae
1432 537 1513 557 cum
1548 526 1613 559 sub
1653 538 1816 560 auroram

143 585 391 622 intravissent,
416 585 570 629 primum
596 584 806 629 trepidatio,
835 590 911 618 tum
939 585 1120 624 confusio,
1157 585 1314 631 denique
1344 585 1468 630 ingens
1497 597 1607 630 pavor
1627 587 1819 632 occupavit

140 636 294 678 militum
313 645 432 678 selahi
453 644 603 683 animos,
629 645 681 678 ita
698 651 738 679 ut
759 645 873 679 effuso
903 658 1010 680 cursu
1037 646 1200 691 plurimi,
1229 646 1352 680 castris
1382 645 1534 684 relictis,
1563 645 1718 690 fugerint
1737 659 1816 680 cum

140 705 280 750 ingenti
299 705 456 739 militum
474 712 588 750 strage
600 731 607 744 ,
634 707 839 751 paucissimi
859 712 1059 751 pugnantes
1080 707 1326 741 occubuerint.
1378 707 1551 753 Equitum
1570 713 1690 740 autem
1709 720 1814 752 opera

140 766 276 800 factum
296 772 368 806 est,
395 773 436 800 ut
461 779 579 812 neque
607 767 645 800 in
675 767 772 812 suga,
802 780 844 801 ex
871 779 969 801 more
998 780 1080 806 suo,
1108 780 1144 801 se
1174 768 1434 813 conjungerent
1458 775 1495 802 ct
1525 769 1575 802 ita
1604 768 1699 802 hosti
1726 769 1816 803 inse-

141 828 269 873 quenti
289 828 421 861 iterum
437 816 663 866 resisterent,
689 840 808 874 neque
836 829 945 862 etiam
975 829 1237 873 superaverint,
1264 828 1333 861 nisi
1362 829 1487 873 pauci,
1514 829 1577 875 qui
1602 842 1675 863 non
1699 830 1813 869 desie-

141 894 222 921 rant
241 888 455 921 effusissimo
473 899 579 921 cursu
598 888 720 934 sugere
741 889 856 922 donec
871 889 1118 934 pervenissent
1139 890 1183 922 ad
1203 884 1385 933 regionem
1406 889 1597 924 Schamum
1615 896 1639 923 ³.

191 949 304 982 Multo
321 949 439 982 minus
460 949 723 983 Mohammedes
744 950 767 983 f.
786 950 962 983 Alimedis
982 949 1203 993 al-Moajjedi
1234 961 1316 982 cum
1346 951 1505 984 exercitu
1531 963 1655 986 recens
1677 965 1817 999 compo-

143 1010 211 1043 sito
239 1010 350 1055 copiis
376 1011 568 1044 Sultanicis
598 1011 762 1044 resistere
789 1009 928 1054 potuit;
955 1009 1052 1054 qnod
1080 1021 1213 1054 paucos
1234 1016 1316 1055 post
1345 1011 1421 1044 dies
1452 1017 1506 1044 est
1534 1019 1708 1056 expertus.
1760 1015 1819 1048 Ad

141 1083 226 1105 eum
245 1071 340 1104 enim
357 1077 398 1104 ut
424 1072 590 1116 pervenit
618 1070 794 1104 exercitus
821 1070 937 1103 victor
966 1070 1003 1103 in
1030 1070 1211 1115 regionem
1241 1070 1415 1110 Haidani,
1449 1078 1647 1117 pugnatum
1674 1074 1822 1118 quidem

142 1138 197 1166 est
215 1132 451 1176 aliquamdiu,
478 1144 590 1178 quum
617 1132 688 1165 loci
713 1131 874 1165 montani
904 1131 1095 1165 adscensus
1122 1131 1218 1165 hosti
1245 1131 1431 1171 difficilis,-
1457 1133 1695 1167 Moliammedi
1722 1134 1819 1169 save-

140 1198 213 1225 ret:
241 1191 303 1225 sed
320 1191 422 1226 brevi
443 1194 608 1239 apparuit
624 1194 724 1239 justo
745 1197 781 1225 et
802 1191 996 1226 exercitato
1019 1192 1207 1238 veterique
1226 1192 1401 1226 exercitui
1431 1193 1594 1227 resistere
1622 1204 1695 1227 non
1711 1206 1819 1239 posse

138 1250 342 1284 istiusmodi
358 1263 503 1286 manum
524 1259 708 1287 recentem
728 1259 765 1287 et
785 1254 946 1299 undique
978 1252 1176 1286 collectam.
1227 1253 1272 1286 In
1302 1252 1422 1296 sugam
1452 1264 1534 1297 ergo
1556 1255 1742 1299 conjectus
1764 1262 1820 1290 est

140 1311 395 1346 Mohammcdis
418 1314 613 1348 exercitus:
642 1314 716 1360 ipse
746 1313 888 1358 aufugit
918 1312 1151 1346 Ahnoumum
1180 1317 1216 1345 et
1246 1313 1290 1345 ad
1315 1313 1490 1345 Imamum
1517 1313 1698 1347 IIasanum
1725 1316 1820 1350 solus

136 1372 264 1406 rediit:
290 1373 455 1420 plerique
477 1375 618 1420 cognati
640 1375 717 1419 ejus
739 1380 775 1407 et
796 1373 883 1406 socii
906 1372 1111 1416 militesque
1142 1372 1386 1406 occubuerant
1415 1372 1453 1405 in
1478 1384 1598 1418 pugna
1625 1380 1687 1408 aut
1714 1375 1816 1421 suga:

137 1433 267 1477 reliqui
282 1445 553 1478 quoquoversus
572 1439 655 1467 sunt
675 1434 842 1478 dispersi:
870 1433 982 1465 onmis
1004 1433 1063 1465 ille
1086 1438 1220 1465 tractus
1241 1431 1348 1464 rediit
1365 1432 1409 1465 ad
1428 1433 1638 1479 obsequium
1660 1436 1819 1469 Sullani-¹

139 1493 230 1526 Tum
248 1504 332 1525 vero
354 1492 499 1531 fortius,
525 1505 632 1538 quani
652 1493 771 1527 adhuc
792 1500 867 1527 erat
888 1493 1041 1533 factum,
1069 1493 1245 1527 exercitus
1274 1492 1477 1527 Sultanicus
1497 1497 1716 1541 oppugnavit
1742 1509 1816 1530 cas—

139 1553 265 1587 tellum
276 1552 548 1591 Onam-Lanam,
573 1565 641 1587 nec
661 1554 845 1588 desierunt
866 1555 953 1587 illud
968 1561 1090 1599 petere
1107 1553 1294 1597 glandibus
1314 1565 1332 1586 c
1354 1556 1538 1587 tormentis
1550 1556 1685 1590 bellicis
1702 1563 1815 1590 noctu

142 1619 179 1646 et
198 1612 357 1646 interdiu
378 1612 529 1651 emissis,
557 1613 671 1647 donec
692 1615 851 1648 obsessos
881 1626 989 1660 quam
1017 1614 1169 1646 maxime
1187 1612 1382 1645 obsidionis
1402 1615 1590 1648 taeduerit.
1630 1616 1687 1649 Ad
1706 1616 1814 1650 finem

138 1672 269 1707 mensis
297 1671 475 1705 Schabani
496 1673 578 1705 anni
594 1672 665 1707 992
696 1671 763 1715 (ad
795 1673 902 1706 finem
928 1685 973 1706 m.
1002 1672 1159 1718 Augusti
1184 1670 1295 1715 1584)
1327 1672 1404 1716 ejus
1428 1674 1645 1717 praesidium
1672 1676 1811 1710 intense

141 1734 278 1780 cupivit
299 1733 435 1766 castelli
461 1732 682 1766 deditionem
702 1738 737 1766 et
759 1745 840 1766 cum
857 1733 1005 1767 Sultano
1025 1745 1166 1778 pacem:
1193 1732 1311 1765 nullus
1336 1732 1430 1765 enim
1456 1734 1590 1780 quietis
1612 1741 1687 1768 erat
1712 1736 1811 1769 locus

140 1803 179 1831 et
196 1806 408 1841 magnopere
429 1794 523 1827 inter
540 1794 618 1827 illos
639 1793 886 1828 increscebant
910 1795 1073 1841 quotidie
1099 1794 1238 1828 dolores
1258 1805 1276 1826 e
1293 1793 1426 1838 pedum
1447 1795 1516 1828 orti
1534 1796 1722 1840 languore,
1748 1797 1812 1842 qui

138 1859 235 1891 inter
253 1857 330 1890 illos
354 1854 491 1900 pridem
515 1854 709 1900 inceperat.
759 1854 907 1888 Selahus
934 1866 1079 1900 quoque
1110 1854 1132 1887 f.
1162 1854 1337 1888 Ahmedis
1366 1862 1402 1889 et
1422 1857 1586 1890 Mahdius
1608 1856 1629 1889 s.
1653 1857 1812 1890 Izzeddi-

139 1918 178 1951 ni
205 1915 340 1950 castelli
374 1914 548 1960 praefecti
586 1914 733 1947 consilia
763 1915 856 1948 iuter
891 1927 927 1948 se
958 1914 1118 1948 inierunt
1153 1915 1197 1948 de
1227 1915 1363 1948 castelli
1399 1916 1603 1951 deditione:
1630 1930 1811 1964 quumque

137 1976 300 2010 omnihus
317 1975 385 2008 ri-te
404 1975 586 2019 perpensis
607 1974 838 2019 opinarentur
859 1988 934 2009 sese
956 1981 1179 2009 transeuntes
1201 1977 1245 2009 ad
1266 1977 1406 2011 Sultani
1426 1977 1638 2024 obsequium
1658 1978 1808 2023 adeptu-

142 2048 199 2070 ros
217 2036 261 2069 ab
278 2036 421 2069 Hasano
438 2035 575 2068 Pascha
596 2034 767 2069 honorem
794 2041 830 2070 et
865 2049 1013 2070 munera
1041 2042 1077 2070 et
1107 2037 1255 2082 gratiam
1282 2038 1377 2083 apud
1412 2051 1495 2072 eum
1522 2039 1672 2072 inituros
1700 2038 1812 2071 maxi-

140 2108 255 2135 mam,
277 2096 533 2141 quaesiverunt
554 2095 674 2130 sibiet
701 2096 772 2130 suis
799 2099 1027 2133 securitatem
1057 2103 1093 2132 et
1113 2098 1294 2139 inducias,
1320 2099 1415 2134 intra
1433 2110 1584 2144 quarum
1604 2098 1758 2144 spatium
1784 2100 1813 2132 si

1776 2157 1815 2192 fi-

194 2247 208 2265 ·
227 2241 325 2291 fuas.
