<?xml version="1.0" encoding="UTF-8"?>
<!DOCTYPE html PUBLIC "-//W3C//DTD XHTML 1.0 Transitional//EN"
    "http://www.w3.org/TR/xhtml1/DTD/xhtml1-transitional.dtd">
<html xmlns="http://www.w3.org/1999/xhtml" xml:lang="en" lang="en">
 <head>
  <title>
</title>
<meta http-equiv="Content-Type" content="text/html;charset=utf-8" />
  <meta name='ocr-system' content='tesseract 3.04.00' />
  <meta name='ocr-capabilities' content='ocr_page ocr_carea ocr_par ocr_line ocrx_word'/>
</head>
<body>
  <div class='ocr_page' id='page_1' title='image "./historiajemanaes00ruamuoft/historiajemanaes00ruamuoft_0186.png"; bbox 0 0 2055 2865; ppageno 0'>
   <div class='ocr_carea' id='block_1_1' title="bbox 817 154 1128 191">
    <p class='ocr_par' dir='ltr' id='par_1_1' title="bbox 817 154 1128 191">
     <span class='ocr_line' id='line_1_1' title="bbox 817 154 1128 191; baseline -0.003 0"><span class='ocrx_word' id='word_1_1' title='bbox 817 154 1128 191; x_wconf 44' lang='lat'>-170-4·</span> 
     </span>
    </p>
   </div>
   <div class='ocr_carea' id='block_1_2' title="bbox 132 223 1876 308">
    <p class='ocr_par' dir='ltr' id='par_1_2' title="bbox 132 223 1876 308">
     <span class='ocr_line' id='line_1_2' title="bbox 1858 223 1876 238; baseline 0 0"><span class='ocrx_word' id='word_1_2' title='bbox 1858 223 1876 238; x_wconf 56' lang='lat' dir='ltr'><strong>ff</strong></span> 
     </span>
     <span class='ocr_line' id='line_1_3' title="bbox 132 245 1818 308; baseline -0.004 -12"><span class='ocrx_word' id='word_1_3' title='bbox 132 275 232 307; x_wconf 86' lang='lat' dir='ltr'>quam</span> <span class='ocrx_word' id='word_1_4' title='bbox 253 273 365 306; x_wconf 89' lang='lat' dir='ltr'>parum</span> <span class='ocrx_word' id='word_1_5' title='bbox 394 262 488 293; x_wconf 82' lang='lat' dir='ltr'>rebus</span> <span class='ocrx_word' id='word_1_6' title='bbox 514 261 557 292; x_wconf 85' lang='lat' dir='ltr'>ad</span> <span class='ocrx_word' id='word_1_7' title='bbox 585 263 680 293; x_wconf 84' lang='lat' dir='ltr'>vitam</span> <span class='ocrx_word' id='word_1_8' title='bbox 713 257 897 290; x_wconf 83' lang='lat' dir='ltr'>necessariis</span> <span class='ocrx_word' id='word_1_9' title='bbox 932 257 1106 290; x_wconf 84' lang='lat' dir='ltr'>caruerint.</span> <span class='ocrx_word' id='word_1_10' title='bbox 1137 274 1180 281; x_wconf 90' lang='lat'>—-</span> <span class='ocrx_word' id='word_1_11' title='bbox 1207 256 1246 288; x_wconf 91' lang='lat' dir='ltr'>In</span> <span class='ocrx_word' id='word_1_12' title='bbox 1268 255 1382 288; x_wconf 76' lang='lat' dir='ltr'>eadem</span> <span class='ocrx_word' id='word_1_13' title='bbox 1414 268 1489 300; x_wconf 86' lang='lat' dir='ltr'>pag.</span> <span class='ocrx_word' id='word_1_14' title='bbox 1512 269 1558 290; x_wconf 83' lang='lat' dir='ltr'>vs.</span> <span class='ocrx_word' id='word_1_15' title='bbox 1582 259 1617 290; x_wconf 94' lang='lat' dir='ltr'>ll</span> <span class='ocrx_word' id='word_1_16' title='bbox 1634 257 1722 306; x_wconf 51' lang='lat' dir='ltr'>jhu-&#39;l</span> <span class='ocrx_word' id='word_1_17' title='bbox 1746 245 1818 308; x_wconf 46' lang='grc' dir='ltr'>Ἰ,3115)</span> 
     </span>
    </p>
   </div>
   <div class='ocr_carea' id='block_1_3' title="bbox 133 331 1811 446">
    <p class='ocr_par' dir='ltr' id='par_1_3' title="bbox 133 331 1811 446">
     <span class='ocr_line' id='line_1_4' title="bbox 134 331 1809 388; baseline -0.007 -11"><span class='ocrx_word' id='word_1_18' title='bbox 134 347 283 378; x_wconf 74' lang='lat' dir='ltr'>sonitum</span> <span class='ocrx_word' id='word_1_19' title='bbox 304 343 459 374; x_wconf 84' lang='lat' dir='ltr'>denotare</span> <span class='ocrx_word' id='word_1_20' title='bbox 481 342 628 380; x_wconf 87' lang='lat' dir='ltr'>videtur,</span> <span class='ocrx_word' id='word_1_21' title='bbox 653 351 750 385; x_wconf 78' lang='lat' dir='ltr'>quem</span> <span class='ocrx_word' id='word_1_22' title='bbox 773 340 880 373; x_wconf 78' lang='lat' dir='ltr'>imber</span> <span class='ocrx_word' id='word_1_23' title='bbox 899 337 1083 370; x_wconf 76' lang='lat' dir='ltr'>violentior</span> <span class='ocrx_word' id='word_1_24' title='bbox 1096 338 1271 380; x_wconf 55' lang='lat' dir='ltr'>produc-itt</span> <span class='ocrx_word' id='word_1_25' title='bbox 1316 337 1402 369; x_wconf 83' lang='lat' dir='ltr'>Inest</span> <span class='ocrx_word' id='word_1_26' title='bbox 1423 337 1507 369; x_wconf 88' lang='lat' dir='ltr'>enim</span> <span class='ocrx_word' id='word_1_27' title='bbox 1525 338 1621 370; x_wconf 87' lang='lat' dir='ltr'>verbo</span> <span class='ocrx_word' id='word_1_28' title='bbox 1646 331 1678 388; x_wconf 66' lang='lat' dir='ltr'>S)</span> <span class='ocrx_word' id='word_1_29' title='bbox 1701 340 1809 381; x_wconf 81' lang='lat' dir='ltr'>repul.</span> 
     </span>
     <span class='ocr_line' id='line_1_5' title="bbox 133 398 1811 446; baseline -0.005 -9"><span class='ocrx_word' id='word_1_30' title='bbox 133 405 229 438; x_wconf 77' lang='lat' dir='ltr'>sionis</span> <span class='ocrx_word' id='word_1_31' title='bbox 256 408 287 436; x_wconf 87' lang='lat' dir='ltr'>et</span> <span class='ocrx_word' id='word_1_32' title='bbox 325 401 572 446; x_wconf 78' lang='lat' dir='ltr'><strong>repercussionis</strong></span> <span class='ocrx_word' id='word_1_33' title='bbox 608 401 719 439; x_wconf 78' lang='lat' dir='ltr'>notio,</span> <span class='ocrx_word' id='word_1_34' title='bbox 756 410 842 442; x_wconf 85' lang='lat' dir='ltr'>quae</span> <span class='ocrx_word' id='word_1_35' title='bbox 881 404 913 430; x_wconf 85' lang='lat' dir='ltr'>ct</span> <span class='ocrx_word' id='word_1_36' title='bbox 945 399 979 430; x_wconf 89' lang='lat' dir='ltr'>in</span> <span class='ocrx_word' id='word_1_37' title='bbox 1011 398 1108 440; x_wconf 90' lang='lat' dir='ltr'>ipsius</span> <span class='ocrx_word' id='word_1_38' title='bbox 1143 398 1231 431; x_wconf 86' lang='lat' dir='ltr'>verbi</span> <span class='ocrx_word' id='word_1_39' title='bbox 1273 409 1331 430; x_wconf 89' lang='lat' dir='ltr'>usu</span> <span class='ocrx_word' id='word_1_40' title='bbox 1363 403 1497 440; x_wconf 80' lang='lat' dir='ltr'>apparet</span> <span class='ocrx_word' id='word_1_41' title='bbox 1532 403 1563 429; x_wconf 90' lang='lat' dir='ltr'>et</span> <span class='ocrx_word' id='word_1_42' title='bbox 1596 399 1629 430; x_wconf 90' lang='lat' dir='ltr'>in</span> <span class='ocrx_word' id='word_1_43' title='bbox 1659 400 1811 437; x_wconf 78' lang='lat' dir='ltr'>derivatis¹</span> 
     </span>
    </p>
   </div>
   <div class='ocr_carea' id='block_1_4' title="bbox 144 468 178 475">
    <p class='ocr_par' dir='ltr' id='par_1_4' title="bbox 144 468 178 475">
     <span class='ocr_line' id='line_1_6' title="bbox 144 468 178 475; baseline 0 0"><span class='ocrx_word' id='word_1_44' title='bbox 144 468 178 475; x_wconf 56' lang='grc' dir='ltr'>ια,</span> 
     </span>
    </p>
   </div>
   <div class='ocr_carea' id='block_1_5' title="bbox 134 463 1817 605">
    <p class='ocr_par' dir='ltr' id='par_1_5' title="bbox 134 463 1817 605">
     <span class='ocr_line' id='line_1_7' title="bbox 134 463 1812 526; baseline -0.004 -19"><span class='ocrx_word' id='word_1_45' title='bbox 134 485 190 526; x_wconf 50' lang='lat'>03,</span> <span class='ocrx_word' id='word_1_46' title='bbox 219 465 285 526; x_wconf 51' lang='lat'>803]</span> <span class='ocrx_word' id='word_1_47' title='bbox 314 464 382 525; x_wconf 54' lang='lat'>53),</span> <span class='ocrx_word' id='word_1_48' title='bbox 410 463 470 522; x_wconf 59' lang='lat'>335)</span> <span class='ocrx_word' id='word_1_49' title='bbox 504 477 602 514; x_wconf 85' lang='lat' dir='ltr'>atque</span> <span class='ocrx_word' id='word_1_50' title='bbox 645 472 714 503; x_wconf 82' lang='lat' dir='ltr'>aliis</span> <span class='ocrx_word' id='word_1_51' title='bbox 752 469 960 512; x_wconf 79' lang='lat' dir='ltr'><strong>conspicitur.</strong></span> <span class='ocrx_word' id='word_1_52' title='bbox 1025 469 1106 501; x_wconf 85' lang='lat' dir='ltr'>Hinc</span> <span class='ocrx_word' id='word_1_53' title='bbox 1147 480 1280 512; x_wconf 88' lang='lat' dir='ltr'>quoque</span> <span class='ocrx_word' id='word_1_54' title='bbox 1311 476 1393 518; x_wconf 50' lang='lat' dir='ltr'>ago)</span> <span class='ocrx_word' id='word_1_55' title='bbox 1428 474 1598 511; x_wconf 88' lang='lat' dir='ltr'>usurpatur</span> <span class='ocrx_word' id='word_1_56' title='bbox 1630 469 1671 500; x_wconf 84' lang='lat' dir='ltr'>de</span> <span class='ocrx_word' id='word_1_57' title='bbox 1705 469 1812 506; x_wconf 78' lang='lat' dir='ltr'>nube.</span> 
     </span>
     <span class='ocr_line' id='line_1_8' title="bbox 137 550 1817 605; baseline -0.004 -18"><span class='ocrx_word' id='word_1_58' title='bbox 137 568 262 605; x_wconf 72' lang='lat' dir='ltr'>aquam</span> <span class='ocrx_word' id='word_1_59' title='bbox 285 556 452 598; x_wconf 74' lang='lat' dir='ltr'>adfatim</span> <span class='ocrx_word' id='word_1_60' title='bbox 474 555 655 590; x_wconf 76' lang='lat' dir='ltr'><strong><em>reddente,</em></strong></span> <span class='ocrx_word' id='word_1_61' title='bbox 679 553 712 584; x_wconf 92' lang='lat' dir='ltr'>id</span> <span class='ocrx_word' id='word_1_62' title='bbox 732 557 777 583; x_wconf 88' lang='lat' dir='ltr'>est</span> <span class='ocrx_word' id='word_1_63' title='bbox 796 562 869 583; x_wconf 89' lang='lat' dir='ltr'>vero</span> <span class='ocrx_word' id='word_1_64' title='bbox 884 552 920 581; x_wconf 62' lang='lat' dir='ltr'>ea</span> <span class='ocrx_word' id='word_1_65' title='bbox 943 550 1035 591; x_wconf 74' lang='lat' dir='ltr'>copia</span> <span class='ocrx_word' id='word_1_66' title='bbox 1059 554 1093 580; x_wconf 90' lang='lat' dir='ltr'>ut</span> <span class='ocrx_word' id='word_1_67' title='bbox 1115 552 1252 581; x_wconf 74' lang='lat' dir='ltr'>sonitus</span> <span class='ocrx_word' id='word_1_68' title='bbox 1270 551 1397 592; x_wconf 87' lang='lat' dir='ltr'>pluviae</span> <span class='ocrx_word' id='word_1_69' title='bbox 1412 550 1572 582; x_wconf 79' lang='lat' dir='ltr'>audiatur.</span> <span class='ocrx_word' id='word_1_70' title='bbox 1618 550 1725 583; x_wconf 87' lang='lat' dir='ltr'>Verba</span> <span class='ocrx_word' id='word_1_71' title='bbox 1740 560 1817 592; x_wconf 87' lang='lat' dir='ltr'>ergo</span> 
     </span>
    </p>
   </div>
   <div class='ocr_carea' id='block_1_6' title="bbox 137 617 1819 784">
    <p class='ocr_par' dir='ltr' id='par_1_6' title="bbox 137 617 1819 784">
     <span class='ocr_line' id='line_1_9' title="bbox 137 617 1817 678; baseline -0.007 -18"><span class='ocrx_word' id='word_1_72' title='bbox 137 628 220 678; x_wconf 35' lang='lat' dir='ltr'>k424.ss</span> <span class='ocrx_word' id='word_1_73' title='bbox 251 628 317 676; x_wconf 62' lang='lat' dir='ltr'>olo)</span> <span class='ocrx_word' id='word_1_74' title='bbox 347 618 389 659; x_wconf 62' lang='grc'>1131</span> <span class='ocrx_word' id='word_1_75' title='bbox 420 617 504 657; x_wconf 50' lang='lat'>[2⁴:25</span> <span class='ocrx_word' id='word_1_76' title='bbox 527 624 680 656; x_wconf 81' lang='lat' dir='ltr'>vertenda</span> <span class='ocrx_word' id='word_1_77' title='bbox 704 628 796 653; x_wconf 88' lang='lat' dir='ltr'>sunt:</span> <span class='ocrx_word' id='word_1_78' title='bbox 822 623 868 652; x_wconf 81' lang='lat' dir='ltr'>Et</span> <span class='ocrx_word' id='word_1_79' title='bbox 888 621 1086 650; x_wconf 68' lang='lat' dir='ltr'>videbamur</span> <span class='ocrx_word' id='word_1_80' title='bbox 1105 621 1201 650; x_wconf 75' lang='lat' dir='ltr'>nobis</span> <span class='ocrx_word' id='word_1_81' title='bbox 1224 622 1343 652; x_wconf 75' lang='lat' dir='ltr'>audire</span> <span class='ocrx_word' id='word_1_82' title='bbox 1364 622 1482 652; x_wconf 66' lang='lat' dir='ltr'>imbris</span> <span class='ocrx_word' id='word_1_83' title='bbox 1507 623 1817 662; x_wconf 70' lang='lat' dir='ltr'>repercussionem:</span> 
     </span>
     <span class='ocr_line' id='line_1_10' title="bbox 138 679 1819 730; baseline -0.005 -10"><span class='ocrx_word' id='word_1_84' title='bbox 138 689 334 730; x_wconf 84' lang='lat' dir='ltr'>respondent</span> <span class='ocrx_word' id='word_1_85' title='bbox 363 688 448 719; x_wconf 79' lang='lat' dir='ltr'>enim</span> <span class='ocrx_word' id='word_1_86' title='bbox 478 687 560 717; x_wconf 87' lang='lat' dir='ltr'>haec</span> <span class='ocrx_word' id='word_1_87' title='bbox 581 683 678 715; x_wconf 80' lang='lat' dir='ltr'>verba</span> <span class='ocrx_word' id='word_1_88' title='bbox 707 680 975 722; x_wconf 66' lang='lat' dir='ltr'>praecedentibus</span> <span class='ocrx_word' id='word_1_89' title='bbox 998 690 1041 710; x_wconf 86' lang='lat' dir='ltr'>vs.</span> <span class='ocrx_word' id='word_1_90' title='bbox 1066 679 1087 710; x_wconf 87' lang='grc'><strong>9</strong></span> <span class='ocrx_word' id='word_1_91' title='bbox 1110 679 1236 717; x_wconf 87' lang='lat' dir='ltr'>citatis,</span> <span class='ocrx_word' id='word_1_92' title='bbox 1260 680 1292 710; x_wconf 88' lang='lat' dir='ltr'>in</span> <span class='ocrx_word' id='word_1_93' title='bbox 1318 680 1434 720; x_wconf 87' lang='lat' dir='ltr'>quibus</span> <span class='ocrx_word' id='word_1_94' title='bbox 1459 681 1714 711; x_wconf 75' lang='lat' dir='ltr'>convenientiam</span> <span class='ocrx_word' id='word_1_95' title='bbox 1737 681 1819 711; x_wconf 82' lang='lat' dir='ltr'>inter</span> 
     </span>
     <span class='ocr_line' id='line_1_11' title="bbox 139 733 1819 784; baseline -0.004 -10"><span class='ocrx_word' id='word_1_96' title='bbox 139 745 335 774; x_wconf 84' lang='lat' dir='ltr'>locustarum</span> <span class='ocrx_word' id='word_1_97' title='bbox 363 743 493 784; x_wconf 82' lang='lat' dir='ltr'>agmina</span> <span class='ocrx_word' id='word_1_98' title='bbox 527 739 713 770; x_wconf 73' lang='lat' dir='ltr'>decidentia</span> <span class='ocrx_word' id='word_1_99' title='bbox 749 742 780 767; x_wconf 87' lang='lat' dir='ltr'>ct</span> <span class='ocrx_word' id='word_1_100' title='bbox 809 736 943 766; x_wconf 84' lang='lat' dir='ltr'>imbrem</span> <span class='ocrx_word' id='word_1_101' title='bbox 975 734 1191 766; x_wconf 81' lang='lat' dir='ltr'>vehementius</span> <span class='ocrx_word' id='word_1_102' title='bbox 1217 733 1320 764; x_wconf 89' lang='lat' dir='ltr'>fusum</span> <span class='ocrx_word' id='word_1_103' title='bbox 1357 734 1403 764; x_wconf 89' lang='lat' dir='ltr'>his</span> <span class='ocrx_word' id='word_1_104' title='bbox 1430 734 1530 765; x_wconf 88' lang='lat' dir='ltr'>verbis</span> <span class='ocrx_word' id='word_1_105' title='bbox 1564 737 1743 778; x_wconf 74' lang='lat' dir='ltr'>adtigeratz</span> <span class='ocrx_word' id='word_1_106' title='bbox 1776 739 1819 770; x_wconf 56' lang='lat' dir='ltr'>ajt</span> 
     </span>
    </p>
   </div>
   <div class='ocr_carea' id='block_1_7' title="bbox 114 798 1828 1306">
    <p class='ocr_par' dir='ltr' id='par_1_7' title="bbox 139 798 1823 1078">
     <span class='ocr_line' id='line_1_12' title="bbox 139 798 1819 861; baseline -0.002 -22"><span class='ocrx_word' id='word_1_107' title='bbox 139 806 238 854; x_wconf 34' lang='grc' dir='ltr'>ὠῠςὲ</span> <span class='ocrx_word' id='word_1_108' title='bbox 262 838 296 845; x_wconf 72' lang='lat'><em>-</em></span> <span class='ocrx_word' id='word_1_109' title='bbox 318 837 352 844; x_wconf 82' lang='grc'>,,</span> <span class='ocrx_word' id='word_1_110' title='bbox 381 811 452 861; x_wconf 49' lang='lat'>51³⁸·</span> <span class='ocrx_word' id='word_1_111' title='bbox 476 827 518 833; x_wconf 92' lang='lat'>——</span> <span class='ocrx_word' id='word_1_112' title='bbox 543 808 637 841; x_wconf 87' lang='lat' dir='ltr'>Verbi</span> <span class='ocrx_word' id='word_1_113' title='bbox 661 798 720 839; x_wconf 49' lang='grc' dir='ltr'>ἁλι</span> <span class='ocrx_word' id='word_1_114' title='bbox 743 807 866 848; x_wconf 82' lang='lat' dir='ltr'>species</span> <span class='ocrx_word' id='word_1_115' title='bbox 893 811 1030 843; x_wconf 83' lang='lat' dir='ltr'>octava,</span> <span class='ocrx_word' id='word_1_116' title='bbox 1056 816 1140 846; x_wconf 87' lang='lat' dir='ltr'>quae</span> <span class='ocrx_word' id='word_1_117' title='bbox 1169 804 1202 835; x_wconf 89' lang='lat' dir='ltr'>in</span> <span class='ocrx_word' id='word_1_118' title='bbox 1231 815 1306 847; x_wconf 87' lang='lat' dir='ltr'><strong>pag.</strong></span> <span class='ocrx_word' id='word_1_119' title='bbox 1332 804 1445 835; x_wconf 82' lang='lat' dir='ltr'>eadem</span> <span class='ocrx_word' id='word_1_120' title='bbox 1471 815 1516 837; x_wconf 86' lang='lat' dir='ltr'>vs.</span> <span class='ocrx_word' id='word_1_121' title='bbox 1541 806 1654 836; x_wconf 89' lang='lat' dir='ltr'>ultimo</span> <span class='ocrx_word' id='word_1_122' title='bbox 1678 807 1819 837; x_wconf 80' lang='lat' dir='ltr'>occurrit</span> 
     </span>
     <span class='ocr_line' id='line_1_13' title="bbox 141 864 1820 915; baseline -0.006 -11"><span class='ocrx_word' id='word_1_123' title='bbox 141 879 171 905; x_wconf 83' lang='lat' dir='ltr'>et</span> <span class='ocrx_word' id='word_1_124' title='bbox 198 874 308 915; x_wconf 79' lang='lat' dir='ltr'>paullo</span> <span class='ocrx_word' id='word_1_125' title='bbox 340 877 411 913; x_wconf 89' lang='lat' dir='ltr'>post</span> <span class='ocrx_word' id='word_1_126' title='bbox 442 872 474 902; x_wconf 87' lang='lat' dir='ltr'>in</span> <span class='ocrx_word' id='word_1_127' title='bbox 500 868 649 911; x_wconf 80' lang='lat' dir='ltr'>pag.165</span> <span class='ocrx_word' id='word_1_128' title='bbox 674 879 717 903; x_wconf 82' lang='lat' dir='ltr'>vs.</span> <span class='ocrx_word' id='word_1_129' title='bbox 740 866 796 903; x_wconf 85' lang='lat'>10,</span> <span class='ocrx_word' id='word_1_130' title='bbox 826 866 863 897; x_wconf 89' lang='grc'>18</span> <span class='ocrx_word' id='word_1_131' title='bbox 886 870 917 896; x_wconf 90' lang='lat' dir='ltr'>et</span> <span class='ocrx_word' id='word_1_132' title='bbox 943 866 1068 907; x_wconf 87' lang='lat' dir='ltr'>saepius</span> <span class='ocrx_word' id='word_1_133' title='bbox 1101 864 1253 904; x_wconf 82' lang='lat' dir='ltr'>deinceps</span> <span class='ocrx_word' id='word_1_134' title='bbox 1278 864 1456 900; x_wconf 88' lang='lat' dir='ltr'>invenitur,</span> <span class='ocrx_word' id='word_1_135' title='bbox 1486 866 1519 896; x_wconf 90' lang='lat' dir='ltr'>in</span> <span class='ocrx_word' id='word_1_136' title='bbox 1546 865 1820 906; x_wconf 54' lang='lat' dir='ltr'>Lexicoffquidem</span> 
     </span>
     <span class='ocr_line' id='line_1_14' title="bbox 139 916 1821 962; baseline -0.005 -2"><span class='ocrx_word' id='word_1_137' title='bbox 139 930 275 960; x_wconf 80' lang='lat' dir='ltr'>Goliano</span> <span class='ocrx_word' id='word_1_138' title='bbox 303 927 514 959; x_wconf 87' lang='lat' dir='ltr'>desideratur.</span> <span class='ocrx_word' id='word_1_139' title='bbox 562 924 688 954; x_wconf 84' lang='lat' dir='ltr'>Dudum</span> <span class='ocrx_word' id='word_1_140' title='bbox 711 928 820 954; x_wconf 87' lang='lat' dir='ltr'>tamen</span> <span class='ocrx_word' id='word_1_141' title='bbox 842 922 1022 955; x_wconf 79' lang='lat' dir='ltr'>observavit</span> <span class='ocrx_word' id='word_1_142' title='bbox 1048 921 1099 951; x_wconf 88' lang='lat' dir='ltr'>Cl.</span> <span class='ocrx_word' id='word_1_143' title='bbox 1123 919 1304 950; x_wconf 85' lang='lat' dir='ltr'>Willmetus</span> <span class='ocrx_word' id='word_1_144' title='bbox 1325 921 1356 951; x_wconf 93' lang='lat' dir='ltr'>in</span> <span class='ocrx_word' id='word_1_145' title='bbox 1376 916 1449 952; x_wconf 65' lang='lat' dir='ltr'>Le’x.</span> <span class='ocrx_word' id='word_1_146' title='bbox 1474 921 1702 951; x_wconf 65' lang='lat' dir='ltr'>vehementiae</span> <span class='ocrx_word' id='word_1_147' title='bbox 1725 920 1821 962; x_wconf 82' lang='lat' dir='ltr'>signi·</span> 
     </span>
     <span class='ocr_line' id='line_1_15' title="bbox 139 974 1820 1022; baseline -0.006 -6"><span class='ocrx_word' id='word_1_148' title='bbox 139 985 325 1017; x_wconf 81' lang='lat' dir='ltr'>ficationem</span> <span class='ocrx_word' id='word_1_149' title='bbox 351 983 426 1013; x_wconf 85' lang='lat' dir='ltr'>huic</span> <span class='ocrx_word' id='word_1_150' title='bbox 457 989 588 1022; x_wconf 85' lang='lat' dir='ltr'>quoque</span> <span class='ocrx_word' id='word_1_151' title='bbox 613 978 730 1019; x_wconf 81' lang='lat' dir='ltr'>speciei</span> <span class='ocrx_word' id='word_1_152' title='bbox 753 987 818 1008; x_wconf 82' lang='lat' dir='ltr'>esse</span> <span class='ocrx_word' id='word_1_153' title='bbox 840 977 1055 1008; x_wconf 79' lang='lat' dir='ltr'>tribuendam.</span> <span class='ocrx_word' id='word_1_154' title='bbox 1101 974 1140 1005; x_wconf 89' lang='lat' dir='ltr'>In</span> <span class='ocrx_word' id='word_1_155' title='bbox 1163 976 1310 1006; x_wconf 85' lang='lat' dir='ltr'>omnibus</span> <span class='ocrx_word' id='word_1_156' title='bbox 1337 982 1461 1015; x_wconf 85' lang='lat' dir='ltr'>tamen,</span> <span class='ocrx_word' id='word_1_157' title='bbox 1487 988 1568 1018; x_wconf 82' lang='lat' dir='ltr'>quos</span> <span class='ocrx_word' id='word_1_158' title='bbox 1588 977 1621 1008; x_wconf 91' lang='lat' dir='ltr'>in</span> <span class='ocrx_word' id='word_1_159' title='bbox 1646 977 1720 1008; x_wconf 83' lang='lat' dir='ltr'>Lex.</span> <span class='ocrx_word' id='word_1_160' title='bbox 1744 987 1768 1008; x_wconf 78' lang='lat' dir='ltr'>s-</span> <span class='ocrx_word' id='word_1_161' title='bbox 1791 987 1820 1008; x_wconf 91' lang='lat' dir='ltr'>v.</span> 
     </span>
     <span class='ocr_line' id='line_1_16' title="bbox 141 1033 1823 1078; baseline -0.002 -10"><span class='ocrx_word' id='word_1_162' title='bbox 141 1042 300 1078; x_wconf 67' lang='lat' dir='ltr'>adduxit,</span> <span class='ocrx_word' id='word_1_163' title='bbox 325 1041 424 1077; x_wconf 83' lang='lat' dir='ltr'>locis,</span> <span class='ocrx_word' id='word_1_164' title='bbox 457 1038 503 1068; x_wconf 90' lang='lat' dir='ltr'>uti</span> <span class='ocrx_word' id='word_1_165' title='bbox 530 1042 561 1067; x_wconf 84' lang='lat' dir='ltr'>et</span> <span class='ocrx_word' id='word_1_166' title='bbox 592 1036 625 1066; x_wconf 89' lang='lat' dir='ltr'>in</span> <span class='ocrx_word' id='word_1_167' title='bbox 656 1034 781 1064; x_wconf 83' lang='lat' dir='ltr'>duobus</span> <span class='ocrx_word' id='word_1_168' title='bbox 811 1044 905 1074; x_wconf 84' lang='lat' dir='ltr'>supra</span> <span class='ocrx_word' id='word_1_169' title='bbox 936 1033 1074 1062; x_wconf 83' lang='lat' dir='ltr'>laudatis</span> <span class='ocrx_word' id='word_1_170' title='bbox 1098 1039 1128 1062; x_wconf 90' lang='lat' dir='ltr'>et</span> <span class='ocrx_word' id='word_1_171' title='bbox 1153 1033 1217 1063; x_wconf 86' lang='lat' dir='ltr'>fere</span> <span class='ocrx_word' id='word_1_172' title='bbox 1241 1033 1360 1074; x_wconf 89' lang='lat' dir='ltr'>ubique</span> <span class='ocrx_word' id='word_1_173' title='bbox 1392 1034 1472 1065; x_wconf 84' lang='lat' dir='ltr'>baec</span> <span class='ocrx_word' id='word_1_174' title='bbox 1497 1034 1617 1075; x_wconf 84' lang='lat' dir='ltr'>species</span> <span class='ocrx_word' id='word_1_175' title='bbox 1648 1033 1823 1064; x_wconf 58' lang='lat' dir='ltr'>molestiae</span> 
     </span>
    </p>

    <p class='ocr_par' dir='ltr' id='par_1_8' title="bbox 114 1091 1828 1306">
     <span class='ocr_line' id='line_1_17' title="bbox 143 1091 1824 1131; baseline -0.008 -1"><span class='ocrx_word' id='word_1_176' title='bbox 143 1100 235 1130; x_wconf 87' lang='lat' dir='ltr'>simul</span> <span class='ocrx_word' id='word_1_177' title='bbox 257 1098 421 1128; x_wconf 85' lang='lat' dir='ltr'>notionem</span> <span class='ocrx_word' id='word_1_178' title='bbox 450 1092 602 1128; x_wconf 88' lang='lat' dir='ltr'>involvit,</span> <span class='ocrx_word' id='word_1_179' title='bbox 631 1101 716 1131; x_wconf 85' lang='lat' dir='ltr'>quae</span> <span class='ocrx_word' id='word_1_180' title='bbox 745 1091 920 1131; x_wconf 81' lang='lat' dir='ltr'>pei-cipitur</span> <span class='ocrx_word' id='word_1_181' title='bbox 943 1095 997 1119; x_wconf 90' lang='lat' dir='ltr'>aut</span> <span class='ocrx_word' id='word_1_182' title='bbox 1025 1094 1161 1120; x_wconf 83' lang='lat' dir='ltr'>creatur.</span> <span class='ocrx_word' id='word_1_183' title='bbox 1219 1091 1322 1122; x_wconf 83' lang='lat' dir='ltr'>Recte</span> <span class='ocrx_word' id='word_1_184' title='bbox 1350 1093 1431 1124; x_wconf 84' lang='lat' dir='ltr'>adeo</span> <span class='ocrx_word' id='word_1_185' title='bbox 1456 1094 1488 1125; x_wconf 88' lang='lat' dir='ltr'>in</span> <span class='ocrx_word' id='word_1_186' title='bbox 1519 1094 1712 1124; x_wconf 85' lang='lat' dir='ltr'>Fabularum</span> <span class='ocrx_word' id='word_1_187' title='bbox 1741 1093 1824 1123; x_wconf 74' lang='lat' dir='ltr'>Loc-</span> 
     </span>
     <span class='ocr_line' id='line_1_18' title="bbox 114 1145 1823 1193; baseline -0.004 -7"><span class='ocrx_word' id='word_1_188' title='bbox 114 1145 119 1151; x_wconf 46' lang='lat'><em>⁶</em></span> <span class='ocrx_word' id='word_1_189' title='bbox 144 1155 278 1193; x_wconf 82' lang='lat' dir='ltr'>manni,</span> <span class='ocrx_word' id='word_1_190' title='bbox 303 1154 445 1185; x_wconf 85' lang='lat' dir='ltr'>Gramm.</span> <span class='ocrx_word' id='word_1_191' title='bbox 466 1149 564 1181; x_wconf 85' lang='lat' dir='ltr'>Arab.</span> <span class='ocrx_word' id='word_1_192' title='bbox 589 1147 837 1189; x_wconf 82' lang='lat' dir='ltr'>adjunctarum,</span> <span class='ocrx_word' id='word_1_193' title='bbox 865 1146 1125 1187; x_wconf 77' lang='lat' dir='ltr'>interpretatione</span> <span class='ocrx_word' id='word_1_194' title='bbox 1150 1147 1264 1178; x_wconf 82' lang='lat' dir='ltr'>Latina</span> <span class='ocrx_word' id='word_1_195' title='bbox 1288 1148 1343 1181; x_wconf 80' lang='lat' dir='ltr'>Tb.</span> <span class='ocrx_word' id='word_1_196' title='bbox 1369 1149 1524 1190; x_wconf 85' lang='lat' dir='ltr'>Erpenius</span> <span class='ocrx_word' id='word_1_197' title='bbox 1547 1155 1689 1181; x_wconf 83' lang='lat' dir='ltr'>nostram</span> <span class='ocrx_word' id='word_1_198' title='bbox 1711 1158 1823 1180; x_wconf 87' lang='lat' dir='ltr'>vocem</span> 
     </span>
     <span class='ocr_line' id='line_1_19' title="bbox 145 1203 1828 1250; baseline -0.005 -8"><span class='ocrx_word' id='word_1_199' title='bbox 145 1211 287 1243; x_wconf 82' lang='lat' dir='ltr'>reddidit</span> <span class='ocrx_word' id='word_1_200' title='bbox 311 1220 368 1250; x_wconf 87' lang='lat' dir='ltr'>per</span> <span class='ocrx_word' id='word_1_201' title='bbox 392 1208 539 1238; x_wconf 87' lang='lat' dir='ltr'>Latinum</span> <span class='ocrx_word' id='word_1_202' title='bbox 564 1203 724 1234; x_wconf 58' lang='lat' dir='ltr'>molesi‘us</span> <span class='ocrx_word' id='word_1_203' title='bbox 743 1203 831 1244; x_wconf 64' lang='lat' dir='ltr'>ficit.</span> <span class='ocrx_word' id='word_1_204' title='bbox 878 1203 970 1235; x_wconf 85' lang='lat' dir='ltr'>Conf.</span> <span class='ocrx_word' id='word_1_205' title='bbox 995 1203 1070 1233; x_wconf 87' lang='lat' dir='ltr'>Fal).</span> <span class='ocrx_word' id='word_1_206' title='bbox 1093 1204 1140 1235; x_wconf 94' lang='lat' dir='ltr'>IV</span> <span class='ocrx_word' id='word_1_207' title='bbox 1161 1204 1195 1236; x_wconf 85' lang='lat' dir='ltr'>in</span> <span class='ocrx_word' id='word_1_208' title='bbox 1216 1205 1320 1236; x_wconf 85' lang='lat' dir='ltr'>initio.</span> <span class='ocrx_word' id='word_1_209' title='bbox 1367 1205 1402 1236; x_wconf 89' lang='lat' dir='ltr'>In</span> <span class='ocrx_word' id='word_1_210' title='bbox 1430 1216 1506 1247; x_wconf 83' lang='lat' dir='ltr'>pag.</span> <span class='ocrx_word' id='word_1_211' title='bbox 1532 1207 1590 1237; x_wconf 80' lang='lat'>165</span> <span class='ocrx_word' id='word_1_212' title='bbox 1617 1217 1656 1236; x_wconf 88' lang='lat' dir='ltr'>vs.</span> <span class='ocrx_word' id='word_1_213' title='bbox 1677 1206 1717 1237; x_wconf 87' lang='lat'>18</span> <span class='ocrx_word' id='word_1_214' title='bbox 1739 1206 1828 1236; x_wconf 89' lang='lat' dir='ltr'>obsi-</span> 
     </span>
     <span class='ocr_line' id='line_1_20' title="bbox 145 1257 1827 1306; baseline -0.004 -8"><span class='ocrx_word' id='word_1_215' title='bbox 145 1265 251 1298; x_wconf 88' lang='lat' dir='ltr'>dionis</span> <span class='ocrx_word' id='word_1_216' title='bbox 280 1264 420 1306; x_wconf 86' lang='lat' dir='ltr'>gravitas</span> <span class='ocrx_word' id='word_1_217' title='bbox 449 1266 481 1292; x_wconf 89' lang='lat' dir='ltr'>et</span> <span class='ocrx_word' id='word_1_218' title='bbox 513 1259 694 1291; x_wconf 85' lang='lat' dir='ltr'>eduliorum</span> <span class='ocrx_word' id='word_1_219' title='bbox 721 1259 864 1290; x_wconf 84' lang='lat' dir='ltr'>defectus</span> <span class='ocrx_word' id='word_1_220' title='bbox 893 1259 935 1288; x_wconf 88' lang='lat' dir='ltr'>ita</span> <span class='ocrx_word' id='word_1_221' title='bbox 963 1257 1146 1300; x_wconf 86' lang='lat' dir='ltr'>depingitur</span> <span class='ocrx_word' id='word_1_222' title='bbox 1175 1260 1216 1290; x_wconf 90' lang='lat' dir='ltr'>ab</span> <span class='ocrx_word' id='word_1_223' title='bbox 1250 1266 1404 1297; x_wconf 85' lang='lat' dir='ltr'>auctore,</span> <span class='ocrx_word' id='word_1_224' title='bbox 1430 1267 1464 1291; x_wconf 81' lang='lat' dir='ltr'>ut</span> <span class='ocrx_word' id='word_1_225' title='bbox 1494 1266 1642 1300; x_wconf 82' lang='lat' dir='ltr'>testetur,</span> <span class='ocrx_word' id='word_1_226' title='bbox 1677 1272 1696 1291; x_wconf 89' lang='lat' dir='ltr'>a</span> <span class='ocrx_word' id='word_1_227' title='bbox 1729 1271 1827 1293; x_wconf 82' lang='lat' dir='ltr'>cai-ue</span> 
     </span>
    </p>
   </div>
   <div class='ocr_carea' id='block_1_8' title="bbox 143 1321 1836 1779">
    <p class='ocr_par' dir='ltr' id='par_1_9' title="bbox 143 1321 1836 1779">
     <span class='ocr_line' id='line_1_21' title="bbox 143 1321 1827 1386; baseline -0.004 -17"><span class='ocrx_word' id='word_1_228' title='bbox 143 1339 270 1374; x_wconf 85' lang='lat' dir='ltr'>felium,</span> <span class='ocrx_word' id='word_1_229' title='bbox 296 1343 357 1386; x_wconf 44' lang='lat' dir='ltr'>rm&gt;</span> <span class='ocrx_word' id='word_1_230' title='bbox 381 1345 399 1365; x_wconf 89' lang='lat' dir='ltr'>a</span> <span class='ocrx_word' id='word_1_231' title='bbox 423 1333 501 1373; x_wconf 81' lang='lat' dir='ltr'>sing.</span> <span class='ocrx_word' id='word_1_232' title='bbox 526 1321 606 1368; x_wconf 49' lang='lat' dir='ltr'>iao,</span> <span class='ocrx_word' id='word_1_233' title='bbox 633 1335 661 1360; x_wconf 87' lang='lat' dir='ltr'>et</span> <span class='ocrx_word' id='word_1_234' title='bbox 686 1340 857 1361; x_wconf 81' lang='lat' dir='ltr'>corvorum</span> <span class='ocrx_word' id='word_1_235' title='bbox 882 1338 947 1358; x_wconf 89' lang='lat' dir='ltr'>non</span> <span class='ocrx_word' id='word_1_236' title='bbox 968 1328 1156 1360; x_wconf 82' lang='lat' dir='ltr'>abstinuisse</span> <span class='ocrx_word' id='word_1_237' title='bbox 1181 1330 1342 1361; x_wconf 76' lang='lat' dir='ltr'>obsessos:</span> <span class='ocrx_word' id='word_1_238' title='bbox 1369 1335 1436 1360; x_wconf 86' lang='lat' dir='ltr'>erat</span> <span class='ocrx_word' id='word_1_239' title='bbox 1460 1335 1567 1361; x_wconf 85' lang='lat' dir='ltr'>tamen</span> <span class='ocrx_word' id='word_1_240' title='bbox 1590 1336 1760 1372; x_wconf 88' lang='lat' dir='ltr'>utrumque</span> <span class='ocrx_word' id='word_1_241' title='bbox 1780 1332 1827 1362; x_wconf 92' lang='lat' dir='ltr'>ci-</span> 
     </span>
     <span class='ocr_line' id='line_1_22' title="bbox 145 1388 1827 1438; baseline -0.004 -10"><span class='ocrx_word' id='word_1_242' title='bbox 145 1397 261 1428; x_wconf 88' lang='lat' dir='ltr'>borum</span> <span class='ocrx_word' id='word_1_243' title='bbox 283 1406 383 1438; x_wconf 86' lang='lat' dir='ltr'>genus</span> <span class='ocrx_word' id='word_1_244' title='bbox 408 1399 438 1424; x_wconf 88' lang='lat' dir='ltr'>et</span> <span class='ocrx_word' id='word_1_245' title='bbox 462 1402 577 1434; x_wconf 88' lang='lat' dir='ltr'>parum</span> <span class='ocrx_word' id='word_1_246' title='bbox 596 1389 660 1421; x_wconf 86' lang='lat' dir='ltr'>esui</span> <span class='ocrx_word' id='word_1_247' title='bbox 685 1394 796 1430; x_wconf 81' lang='lat' dir='ltr'>aptum</span> <span class='ocrx_word' id='word_1_248' title='bbox 819 1395 850 1419; x_wconf 84' lang='lat' dir='ltr'>et</span> <span class='ocrx_word' id='word_1_249' title='bbox 865 1399 922 1429; x_wconf 76' lang='lat' dir='ltr'>per</span> <span class='ocrx_word' id='word_1_250' title='bbox 943 1388 1129 1429; x_wconf 78' lang='lat' dir='ltr'>religionem</span> <span class='ocrx_word' id='word_1_251' title='bbox 1153 1391 1295 1421; x_wconf 88' lang='lat' dir='ltr'>vetitum.</span> <span class='ocrx_word' id='word_1_252' title='bbox 1342 1389 1430 1421; x_wconf 86' lang='lat' dir='ltr'>Licet</span> <span class='ocrx_word' id='word_1_253' title='bbox 1449 1391 1534 1421; x_wconf 91' lang='lat' dir='ltr'>enim</span> <span class='ocrx_word' id='word_1_254' title='bbox 1556 1391 1587 1420; x_wconf 86' lang='lat' dir='ltr'>in</span> <span class='ocrx_word' id='word_1_255' title='bbox 1608 1391 1677 1432; x_wconf 90' lang='lat' dir='ltr'>ipso</span> <span class='ocrx_word' id='word_1_256' title='bbox 1701 1390 1827 1421; x_wconf 83' lang='lat' dir='ltr'>Corano</span> 
     </span>
     <span class='ocr_line' id='line_1_23' title="bbox 146 1445 1831 1495; baseline -0.007 -9"><span class='ocrx_word' id='word_1_257' title='bbox 146 1466 211 1486; x_wconf 89' lang='lat' dir='ltr'>non</span> <span class='ocrx_word' id='word_1_258' title='bbox 233 1454 291 1486; x_wconf 86' lang='lat' dir='ltr'>nisi</span> <span class='ocrx_word' id='word_1_259' title='bbox 313 1452 525 1495; x_wconf 78' lang='lat' dir='ltr'>paucissimae</span> <span class='ocrx_word' id='word_1_260' title='bbox 554 1459 601 1479; x_wconf 88' lang='lat' dir='ltr'>res</span> <span class='ocrx_word' id='word_1_261' title='bbox 621 1449 654 1478; x_wconf 86' lang='lat' dir='ltr'>in</span> <span class='ocrx_word' id='word_1_262' title='bbox 678 1447 835 1478; x_wconf 81' lang='lat' dir='ltr'>alimentis</span> <span class='ocrx_word' id='word_1_263' title='bbox 861 1445 962 1476; x_wconf 74' lang='lat' dir='ltr'>vetitis</span> <span class='ocrx_word' id='word_1_264' title='bbox 988 1451 1214 1485; x_wconf 80' lang='lat' dir='ltr'>numerentur,</span> <span class='ocrx_word' id='word_1_265' title='bbox 1242 1446 1343 1488; x_wconf 84' lang='lat' dir='ltr'>(conf.</span> <span class='ocrx_word' id='word_1_266' title='bbox 1370 1446 1440 1478; x_wconf 89' lang='lat' dir='ltr'>Sur.</span> <span class='ocrx_word' id='word_1_267' title='bbox 1467 1447 1506 1478; x_wconf 89' lang='lat' dir='ltr'>V:</span> <span class='ocrx_word' id='word_1_268' title='bbox 1529 1446 1550 1477; x_wconf 83' lang='grc'>4</span> <span class='ocrx_word' id='word_1_269' title='bbox 1573 1447 1618 1476; x_wconf 91' lang='lat' dir='ltr'>uti</span> <span class='ocrx_word' id='word_1_270' title='bbox 1637 1451 1668 1477; x_wconf 87' lang='lat' dir='ltr'>et</span> <span class='ocrx_word' id='word_1_271' title='bbox 1687 1446 1736 1477; x_wconf 90' lang='lat'>11:</span> <span class='ocrx_word' id='word_1_272' title='bbox 1759 1446 1831 1478; x_wconf 88' lang='lat'><strong>175.</strong></span> 
     </span>
     <span class='ocr_line' id='line_1_24' title="bbox 147 1503 1832 1549; baseline -0.005 -7"><span class='ocrx_word' id='word_1_273' title='bbox 147 1511 245 1544; x_wconf 85' lang='lat' dir='ltr'>XVI:</span> <span class='ocrx_word' id='word_1_274' title='bbox 273 1511 333 1542; x_wconf 89' lang='grc'>115</span> <span class='ocrx_word' id='word_1_275' title='bbox 357 1510 416 1540; x_wconf 88' lang='lat' dir='ltr'>Ed.</span> <span class='ocrx_word' id='word_1_276' title='bbox 443 1506 621 1549; x_wconf 74' lang='lat' dir='ltr'>Maraccii)</span> <span class='ocrx_word' id='word_1_277' title='bbox 650 1514 764 1544; x_wconf 83' lang='lat' dir='ltr'>nempe</span> <span class='ocrx_word' id='word_1_278' title='bbox 789 1504 878 1538; x_wconf 77' lang='lat' dir='ltr'>illae.</span> <span class='ocrx_word' id='word_1_279' title='bbox 905 1513 986 1544; x_wconf 87' lang='lat' dir='ltr'>quas</span> <span class='ocrx_word' id='word_1_280' title='bbox 1010 1503 1178 1535; x_wconf 77' lang='lat' dir='ltr'>Christiani</span> <span class='ocrx_word' id='word_1_281' title='bbox 1201 1505 1371 1536; x_wconf 78' lang='lat' dir='ltr'>orientales</span> <span class='ocrx_word' id='word_1_282' title='bbox 1402 1505 1518 1546; x_wconf 79' lang='lat' dir='ltr'>partim</span> <span class='ocrx_word' id='word_1_283' title='bbox 1542 1515 1578 1535; x_wconf 82' lang='lat' dir='ltr'>ex</span> <span class='ocrx_word' id='word_1_284' title='bbox 1603 1504 1832 1546; x_wconf 82' lang='lat' dir='ltr'>Apostolorum</span> 
     </span>
     <span class='ocr_line' id='line_1_25' title="bbox 151 1560 1834 1609; baseline -0.007 -6"><span class='ocrx_word' id='word_1_285' title='bbox 151 1572 282 1603; x_wconf 79' lang='lat' dir='ltr'>decreto</span> <span class='ocrx_word' id='word_1_286' title='bbox 305 1574 338 1600; x_wconf 88' lang='lat' dir='ltr'>et</span> <span class='ocrx_word' id='word_1_287' title='bbox 361 1570 557 1609; x_wconf 80' lang='lat' dir='ltr'>praecepto,</span> <span class='ocrx_word' id='word_1_288' title='bbox 583 1564 697 1605; x_wconf 86' lang='lat' dir='ltr'>partim</span> <span class='ocrx_word' id='word_1_289' title='bbox 726 1573 762 1592; x_wconf 82' lang='lat' dir='ltr'>ex</span> <span class='ocrx_word' id='word_1_290' title='bbox 797 1571 884 1591; x_wconf 87' lang='lat' dir='ltr'>mure</span> <span class='ocrx_word' id='word_1_291' title='bbox 911 1561 1117 1593; x_wconf 77' lang='lat' dir='ltr'>vetustissimo</span> <span class='ocrx_word' id='word_1_292' title='bbox 1140 1573 1199 1603; x_wconf 83' lang='lat' dir='ltr'>pro</span> <span class='ocrx_word' id='word_1_293' title='bbox 1229 1562 1347 1593; x_wconf 84' lang='lat' dir='ltr'>illicitis</span> <span class='ocrx_word' id='word_1_294' title='bbox 1375 1560 1555 1591; x_wconf 78' lang='lat' dir='ltr'>habuerant</span> <span class='ocrx_word' id='word_1_295' title='bbox 1581 1571 1727 1602; x_wconf 89' lang='lat' dir='ltr'>semper,</span> <span class='ocrx_word' id='word_1_296' title='bbox 1752 1561 1834 1592; x_wconf 84' lang='lat' dir='ltr'>ulte-</span> 
     </span>
     <span class='ocr_line' id='line_1_26' title="bbox 152 1616 1834 1663; baseline -0.008 -2"><span class='ocrx_word' id='word_1_297' title='bbox 152 1629 218 1661; x_wconf 85' lang='lat' dir='ltr'>rius</span> <span class='ocrx_word' id='word_1_298' title='bbox 246 1633 354 1658; x_wconf 82' lang='lat' dir='ltr'>tamen</span> <span class='ocrx_word' id='word_1_299' title='bbox 384 1623 541 1663; x_wconf 79' lang='lat' dir='ltr'>progressi</span> <span class='ocrx_word' id='word_1_300' title='bbox 577 1625 649 1650; x_wconf 86' lang='lat' dir='ltr'>sunt</span> <span class='ocrx_word' id='word_1_301' title='bbox 686 1620 835 1649; x_wconf 82' lang='lat' dir='ltr'>doctores</span> <span class='ocrx_word' id='word_1_302' title='bbox 868 1618 1048 1649; x_wconf 78' lang='lat' dir='ltr'>Moslemici</span> <span class='ocrx_word' id='word_1_303' title='bbox 1084 1619 1207 1649; x_wconf 80' lang='lat' dir='ltr'>serioris</span> <span class='ocrx_word' id='word_1_304' title='bbox 1240 1619 1374 1656; x_wconf 85' lang='lat' dir='ltr'>aetatis,</span> <span class='ocrx_word' id='word_1_305' title='bbox 1411 1629 1449 1649; x_wconf 81' lang='lat' dir='ltr'>ex</span> <span class='ocrx_word' id='word_1_306' title='bbox 1484 1628 1621 1659; x_wconf 87' lang='lat' dir='ltr'>quorum</span> <span class='ocrx_word' id='word_1_307' title='bbox 1654 1616 1834 1659; x_wconf 84' lang='lat' dir='ltr'>praeceptis</span> 
     </span>
     <span class='ocr_line' id='line_1_27' title="bbox 154 1676 1834 1730; baseline -0.007 -13"><span class='ocrx_word' id='word_1_308' title='bbox 154 1689 281 1730; x_wconf 80' lang='lat' dir='ltr'>praeter</span> <span class='ocrx_word' id='word_1_309' title='bbox 301 1681 401 1712; x_wconf 87' lang='lat' dir='ltr'>multa</span> <span class='ocrx_word' id='word_1_310' title='bbox 427 1678 489 1708; x_wconf 80' lang='lat' dir='ltr'>atta</span> <span class='ocrx_word' id='word_1_311' title='bbox 514 1676 684 1721; x_wconf 85' lang='lat' dir='ltr'>animalia,</span> <span class='ocrx_word' id='word_1_312' title='bbox 703 1685 839 1715; x_wconf 86' lang='lat' dir='ltr'>quorum</span> <span class='ocrx_word' id='word_1_313' title='bbox 863 1685 951 1704; x_wconf 89' lang='lat' dir='ltr'>usum</span> <span class='ocrx_word' id='word_1_314' title='bbox 971 1676 1149 1707; x_wconf 88' lang='lat' dir='ltr'>institutum</span> <span class='ocrx_word' id='word_1_315' title='bbox 1171 1677 1345 1707; x_wconf 84' lang='lat' dir='ltr'>Mosaicum</span> <span class='ocrx_word' id='word_1_316' title='bbox 1368 1676 1593 1712; x_wconf 82' lang='lat' dir='ltr'>interdixerat,</span> <span class='ocrx_word' id='word_1_317' title='bbox 1619 1686 1717 1717; x_wconf 86' lang='lat' dir='ltr'>genus</span> <span class='ocrx_word' id='word_1_318' title='bbox 1739 1685 1834 1705; x_wconf 88' lang='lat' dir='ltr'>omne</span> 
     </span>
     <span class='ocr_line' id='line_1_28' title="bbox 155 1732 1836 1779; baseline -0.01 -1"><span class='ocrx_word' id='word_1_319' title='bbox 155 1746 289 1777; x_wconf 74' lang='lat' dir='ltr'>setinum</span> <span class='ocrx_word' id='word_1_320' title='bbox 320 1746 352 1772; x_wconf 88' lang='lat' dir='ltr'>et</span> <span class='ocrx_word' id='word_1_321' title='bbox 384 1737 550 1779; x_wconf 86' lang='lat' dir='ltr'>rapacium</span> <span class='ocrx_word' id='word_1_322' title='bbox 575 1735 679 1766; x_wconf 89' lang='lat' dir='ltr'>avium</span> <span class='ocrx_word' id='word_1_323' title='bbox 714 1734 835 1774; x_wconf 81' lang='lat' dir='ltr'>species</span> <span class='ocrx_word' id='word_1_324' title='bbox 859 1734 1012 1774; x_wconf 86' lang='lat' dir='ltr'>plurimas</span> <span class='ocrx_word' id='word_1_325' title='bbox 1040 1735 1187 1773; x_wconf 90' lang='lat' dir='ltr'>interque</span> <span class='ocrx_word' id='word_1_326' title='bbox 1217 1743 1269 1763; x_wconf 87' lang='lat' dir='ltr'>eas</span> <span class='ocrx_word' id='word_1_327' title='bbox 1301 1744 1413 1765; x_wconf 89' lang='lat' dir='ltr'>corvos</span> <span class='ocrx_word' id='word_1_328' title='bbox 1436 1733 1583 1764; x_wconf 80' lang='lat' dir='ltr'>ciborum</span> <span class='ocrx_word' id='word_1_329' title='bbox 1616 1733 1690 1763; x_wconf 91' lang='lat' dir='ltr'>loco</span> <span class='ocrx_word' id='word_1_330' title='bbox 1717 1732 1836 1762; x_wconf 80' lang='lat' dir='ltr'>habere</span> 
     </span>
    </p>
   </div>
   <div class='ocr_carea' id='block_1_9' title="bbox 157 1792 1838 1859">
    <p class='ocr_par' dir='ltr' id='par_1_10' title="bbox 157 1792 1838 1859">
     <span class='ocr_line' id='line_1_29' title="bbox 157 1792 1838 1859; baseline -0.01 -12"><span class='ocrx_word' id='word_1_331' title='bbox 157 1804 288 1859; x_wconf 79' lang='lat' dir='ltr'>prorsus</span> <span class='ocrx_word' id='word_1_332' title='bbox 311 1809 491 1842; x_wconf 86' lang='lat' dir='ltr'>vetabatur.</span> <span class='ocrx_word' id='word_1_333' title='bbox 551 1805 644 1836; x_wconf 83' lang='lat' dir='ltr'>Conf.</span> <span class='ocrx_word' id='word_1_334' title='bbox 676 1803 880 1841; x_wconf 83' lang='lat' dir='ltr'>Niebubrius‚</span> <span class='ocrx_word' id='word_1_335' title='bbox 916 1804 1038 1834; x_wconf 76' lang='lat' dir='ltr'>Descr.</span> <span class='ocrx_word' id='word_1_336' title='bbox 1064 1804 1168 1835; x_wconf 80' lang='grc' dir='ltr'><em>Αιάὂ.</em></span> <span class='ocrx_word' id='word_1_337' title='bbox 1202 1815 1276 1845; x_wconf 86' lang='lat' dir='ltr'>pag.</span> <span class='ocrx_word' id='word_1_338' title='bbox 1297 1803 1374 1836; x_wconf 83' lang='lat'><strong>270.</strong></span> <span class='ocrx_word' id='word_1_339' title='bbox 1433 1804 1605 1836; x_wconf 84' lang='lat' dir='ltr'>Vocabulo</span> <span class='ocrx_word' id='word_1_340' title='bbox 1638 1807 1745 1833; x_wconf 86' lang='lat' dir='ltr'>autem</span> <span class='ocrx_word' id='word_1_341' title='bbox 1778 1792 1838 1834; x_wconf 42' lang='grc' dir='ltr'>ὦ)</span> 
     </span>
    </p>
   </div>
   <div class='ocr_carea' id='block_1_10' title="bbox 160 1884 1843 2216">
    <p class='ocr_par' dir='ltr' id='par_1_11' title="bbox 160 1884 1843 2216">
     <span class='ocr_line' id='line_1_30' title="bbox 160 1884 1837 1929; baseline -0.01 0"><span class='ocrx_word' id='word_1_342' title='bbox 160 1898 267 1929; x_wconf 84' lang='lat' dir='ltr'>varias</span> <span class='ocrx_word' id='word_1_343' title='bbox 291 1892 387 1924; x_wconf 83' lang='lat' dir='ltr'>tribui</span> <span class='ocrx_word' id='word_1_344' title='bbox 422 1885 672 1929; x_wconf 84' lang='lat' dir='ltr'>significationes</span> <span class='ocrx_word' id='word_1_345' title='bbox 699 1884 747 1915; x_wconf 89' lang='lat' dir='ltr'>vel</span> <span class='ocrx_word' id='word_1_346' title='bbox 778 1894 814 1913; x_wconf 86' lang='lat' dir='ltr'>ex</span> <span class='ocrx_word' id='word_1_347' title='bbox 845 1884 927 1914; x_wconf 91' lang='lat' dir='ltr'>Golii</span> <span class='ocrx_word' id='word_1_348' title='bbox 955 1884 1073 1915; x_wconf 84' lang='lat' dir='ltr'>Lexico</span> <span class='ocrx_word' id='word_1_349' title='bbox 1100 1890 1145 1916; x_wconf 90' lang='lat' dir='ltr'>est</span> <span class='ocrx_word' id='word_1_350' title='bbox 1172 1885 1378 1916; x_wconf 87' lang='lat' dir='ltr'>notissimum.</span> <span class='ocrx_word' id='word_1_351' title='bbox 1433 1884 1478 1914; x_wconf 87' lang='lat' dir='ltr'>Ex</span> <span class='ocrx_word' id='word_1_352' title='bbox 1508 1884 1568 1914; x_wconf 90' lang='lat' dir='ltr'>illis</span> <span class='ocrx_word' id='word_1_353' title='bbox 1592 1888 1718 1920; x_wconf 87' lang='lat' dir='ltr'>tamen,</span> <span class='ocrx_word' id='word_1_354' title='bbox 1752 1890 1837 1923; x_wconf 86' lang='lat' dir='ltr'>quae</span> 
     </span>
     <span class='ocr_line' id='line_1_31' title="bbox 161 1938 1834 1987; baseline -0.011 0"><span class='ocrx_word' id='word_1_355' title='bbox 161 1956 206 1987; x_wconf 84' lang='lat' dir='ltr'>ibi</span> <span class='ocrx_word' id='word_1_356' title='bbox 235 1953 469 1984; x_wconf 85' lang='lat' dir='ltr'>memorantur,</span> <span class='ocrx_word' id='word_1_357' title='bbox 497 1943 704 1978; x_wconf 79' lang='lat' dir='ltr'>animalibus,</span> <span class='ocrx_word' id='word_1_358' title='bbox 737 1942 896 1972; x_wconf 86' lang='lat' dir='ltr'>nullorum</span> <span class='ocrx_word' id='word_1_359' title='bbox 927 1953 1006 1973; x_wconf 77' lang='lat' dir='ltr'>caro</span> <span class='ocrx_word' id='word_1_360' title='bbox 1035 1943 1086 1973; x_wconf 88' lang='lat' dir='ltr'>hic</span> <span class='ocrx_word' id='word_1_361' title='bbox 1116 1943 1148 1972; x_wconf 91' lang='lat' dir='ltr'>in</span> <span class='ocrx_word' id='word_1_362' title='bbox 1175 1951 1302 1972; x_wconf 69' lang='lat' dir='ltr'>censum</span> <span class='ocrx_word' id='word_1_363' title='bbox 1337 1941 1442 1971; x_wconf 85' lang='lat' dir='ltr'>venire</span> <span class='ocrx_word' id='word_1_364' title='bbox 1465 1944 1589 1981; x_wconf 85' lang='lat' dir='ltr'>potest,</span> <span class='ocrx_word' id='word_1_365' title='bbox 1614 1940 1672 1970; x_wconf 89' lang='lat' dir='ltr'>nisi</span> <span class='ocrx_word' id='word_1_366' title='bbox 1687 1938 1834 1978; x_wconf 76' lang='lat' dir='ltr'>felium:</span> 
     </span>
     <span class='ocr_line' id='line_1_32' title="bbox 165 1993 1842 2053; baseline -0.011 -11"><span class='ocrx_word' id='word_1_367' title='bbox 165 2020 267 2053; x_wconf 84' lang='lat' dir='ltr'>quare</span> <span class='ocrx_word' id='word_1_368' title='bbox 291 2012 321 2038; x_wconf 88' lang='lat' dir='ltr'>et</span> <span class='ocrx_word' id='word_1_369' title='bbox 346 2007 433 2036; x_wconf 87' lang='lat' dir='ltr'>illam</span> <span class='ocrx_word' id='word_1_370' title='bbox 461 2002 502 2032; x_wconf 89' lang='lat' dir='ltr'>ab</span> <span class='ocrx_word' id='word_1_371' title='bbox 525 2004 658 2030; x_wconf 86' lang='lat' dir='ltr'>auctore</span> <span class='ocrx_word' id='word_1_372' title='bbox 690 1999 776 2028; x_wconf 87' lang='lat' dir='ltr'>innui</span> <span class='ocrx_word' id='word_1_373' title='bbox 802 2003 959 2039; x_wconf 83' lang='lat' dir='ltr'>putamus.</span> <span class='ocrx_word' id='word_1_374' title='bbox 1006 2000 1117 2029; x_wconf 82' lang='lat' dir='ltr'>Mirum</span> <span class='ocrx_word' id='word_1_375' title='bbox 1146 2003 1251 2028; x_wconf 82' lang='lat' dir='ltr'>tamen</span> <span class='ocrx_word' id='word_1_376' title='bbox 1280 1996 1434 2036; x_wconf 85' lang='lat' dir='ltr'>cuiquam</span> <span class='ocrx_word' id='word_1_377' title='bbox 1458 1995 1608 2026; x_wconf 80' lang='lat' dir='ltr'>accidere</span> <span class='ocrx_word' id='word_1_378' title='bbox 1627 1994 1722 2034; x_wconf 87' lang='lat' dir='ltr'>possit</span> <span class='ocrx_word' id='word_1_379' title='bbox 1747 1993 1842 2033; x_wconf 88' lang='lat' dir='ltr'>hujus</span> 
     </span>
     <span class='ocr_line' id='line_1_33' title="bbox 166 2051 1843 2100; baseline -0.013 -1"><span class='ocrx_word' id='word_1_380' title='bbox 166 2067 252 2100; x_wconf 87' lang='lat' dir='ltr'>vocis</span> <span class='ocrx_word' id='word_1_381' title='bbox 278 2074 352 2095; x_wconf 87' lang='lat' dir='ltr'>usus</span> <span class='ocrx_word' id='word_1_382' title='bbox 384 2063 417 2092; x_wconf 90' lang='lat' dir='ltr'>in</span> <span class='ocrx_word' id='word_1_383' title='bbox 441 2070 538 2091; x_wconf 87' lang='lat' dir='ltr'>carne</span> <span class='ocrx_word' id='word_1_384' title='bbox 569 2058 664 2088; x_wconf 86' lang='lat' dir='ltr'>selina</span> <span class='ocrx_word' id='word_1_385' title='bbox 699 2057 905 2093; x_wconf 87' lang='lat' dir='ltr'>denotanda,</span> <span class='ocrx_word' id='word_1_386' title='bbox 941 2058 1210 2099; x_wconf 79' lang='lat' dir='ltr'>quandoquidem</span> <span class='ocrx_word' id='word_1_387' title='bbox 1240 2057 1341 2086; x_wconf 86' lang='lat' dir='ltr'>multo</span> <span class='ocrx_word' id='word_1_388' title='bbox 1365 2053 1528 2083; x_wconf 86' lang='lat' dir='ltr'>usitatiora</span> <span class='ocrx_word' id='word_1_389' title='bbox 1560 2055 1591 2081; x_wconf 86' lang='lat' dir='ltr'>et</span> <span class='ocrx_word' id='word_1_390' title='bbox 1616 2051 1740 2080; x_wconf 86' lang='lat' dir='ltr'>notiora</span> <span class='ocrx_word' id='word_1_391' title='bbox 1772 2054 1843 2080; x_wconf 83' lang='lat' dir='ltr'>sunt</span> 
     </span>
     <span class='ocr_line' id='line_1_34' title="bbox 166 2106 1841 2161; baseline -0.014 -2"><span class='ocrx_word' id='word_1_392' title='bbox 166 2124 229 2155; x_wconf 68' lang='lat' dir='ltr'>fllia</span> <span class='ocrx_word' id='word_1_393' title='bbox 254 2122 361 2153; x_wconf 77' lang='lat' dir='ltr'>felium</span> <span class='ocrx_word' id='word_1_394' title='bbox 391 2119 540 2151; x_wconf 66' lang='lat' dir='ltr'>nominas</span> <span class='ocrx_word' id='word_1_395' title='bbox 576 2113 723 2161; x_wconf 51' lang='lat'>0,*2*2›&#39;5‚</span> <span class='ocrx_word' id='word_1_396' title='bbox 752 2111 841 2158; x_wconf 52' lang='lat' dir='ltr'>bill,</span> <span class='ocrx_word' id='word_1_397' title='bbox 871 2114 981 2157; x_wconf 40' lang='lat' dir='ltr'>„mall</span> <span class='ocrx_word' id='word_1_398' title='bbox 1014 2120 1044 2146; x_wconf 87' lang='lat' dir='ltr'>et</span> <span class='ocrx_word' id='word_1_399' title='bbox 1074 2115 1136 2145; x_wconf 83' lang='lat' dir='ltr'>alia</span> <span class='ocrx_word' id='word_1_400' title='bbox 1157 2115 1268 2156; x_wconf 88' lang='lat' dir='ltr'>plura,</span> <span class='ocrx_word' id='word_1_401' title='bbox 1301 2123 1387 2154; x_wconf 85' lang='lat' dir='ltr'>quae</span> <span class='ocrx_word' id='word_1_402' title='bbox 1414 2121 1452 2141; x_wconf 82' lang='lat' dir='ltr'>ex</span> <span class='ocrx_word' id='word_1_403' title='bbox 1476 2108 1615 2139; x_wconf 87' lang='lat' dir='ltr'>Damirio</span> <span class='ocrx_word' id='word_1_404' title='bbox 1646 2107 1754 2137; x_wconf 87' lang='lat' dir='ltr'>attulit</span> <span class='ocrx_word' id='word_1_405' title='bbox 1777 2106 1841 2137; x_wconf 90' lang='lat' dir='ltr'>Bo·</span> 
     </span>
     <span class='ocr_line' id='line_1_35' title="bbox 168 2167 1842 2216; baseline -0.011 -2"><span class='ocrx_word' id='word_1_406' title='bbox 168 2183 297 2215; x_wconf 82' lang='lat' dir='ltr'>chartus</span> <span class='ocrx_word' id='word_1_407' title='bbox 331 2181 463 2211; x_wconf 60' lang='grc' dir='ltr'>Πίον-οι.</span> <span class='ocrx_word' id='word_1_408' title='bbox 497 2175 553 2207; x_wconf 86' lang='grc'>111).</span> <span class='ocrx_word' id='word_1_409' title='bbox 576 2174 635 2206; x_wconf 87' lang='grc'>111.</span> <span class='ocrx_word' id='word_1_410' title='bbox 670 2174 826 2216; x_wconf 78' lang='lat' dir='ltr'>cap-153</span> <span class='ocrx_word' id='word_1_411' title='bbox 860 2174 960 2215; x_wconf 89' lang='lat' dir='ltr'>idque</span> <span class='ocrx_word' id='word_1_412' title='bbox 994 2185 1032 2206; x_wconf 90' lang='lat' dir='ltr'>eo</span> <span class='ocrx_word' id='word_1_413' title='bbox 1064 2175 1180 2216; x_wconf 86' lang='lat' dir='ltr'>magis,</span> <span class='ocrx_word' id='word_1_414' title='bbox 1217 2183 1316 2214; x_wconf 88' lang='lat' dir='ltr'>quum</span> <span class='ocrx_word' id='word_1_415' title='bbox 1337 2171 1428 2213; x_wconf 71' lang='lat' dir='ltr'>selis</span> <span class='ocrx_word' id='word_1_416' title='bbox 1463 2179 1580 2201; x_wconf 87' lang='lat' dir='ltr'>nomen</span> <span class='ocrx_word' id='word_1_417' title='bbox 1611 2167 1789 2198; x_wconf 88' lang='lat' dir='ltr'>Arabicum</span> <span class='ocrx_word' id='word_1_418' title='bbox 1823 2176 1842 2196; x_wconf 89' lang='lat' dir='ltr'>a</span> 
     </span>
    </p>
   </div>
   <div class='ocr_carea' id='block_1_11' title="bbox 165 2237 1841 2293">
    <p class='ocr_par' dir='ltr' id='par_1_12' title="bbox 165 2237 1841 2293">
     <span class='ocr_line' id='line_1_36' title="bbox 165 2237 1841 2293; baseline -0.01 -10"><span class='ocrx_word' id='word_1_419' title='bbox 165 2251 307 2284; x_wconf 89' lang='lat' dir='ltr'>Damirio</span> <span class='ocrx_word' id='word_1_420' title='bbox 340 2262 404 2282; x_wconf 89' lang='lat' dir='ltr'>non</span> <span class='ocrx_word' id='word_1_421' title='bbox 433 2239 493 2280; x_wconf 48' lang='lat'>2420</span> <span class='ocrx_word' id='word_1_422' title='bbox 526 2247 674 2283; x_wconf 82' lang='lat' dir='ltr'>dicatur,</span> <span class='ocrx_word' id='word_1_423' title='bbox 710 2243 765 2275; x_wconf 88' lang='lat' dir='ltr'>sed</span> <span class='ocrx_word' id='word_1_424' title='bbox 798 2237 836 2293; x_wconf 56' lang='grc' dir='ltr'>(ζᾶ</span> <span class='ocrx_word' id='word_1_425' title='bbox 868 2256 886 2275; x_wconf 87' lang='lat' dir='ltr'>a</span> <span class='ocrx_word' id='word_1_426' title='bbox 912 2244 983 2275; x_wconf 87' lang='lat' dir='ltr'>rad.</span> <span class='ocrx_word' id='word_1_427' title='bbox 1048 2254 1085 2276; x_wconf 65' lang='grc' dir='ltr'>ω</span> <span class='ocrx_word' id='word_1_428' title='bbox 1116 2244 1339 2276; x_wconf 87' lang='lat' dir='ltr'>derivandum.</span> <span class='ocrx_word' id='word_1_429' title='bbox 1391 2241 1474 2273; x_wconf 86' lang='lat' dir='ltr'>Fieri</span> <span class='ocrx_word' id='word_1_430' title='bbox 1507 2246 1613 2272; x_wconf 81' lang='lat' dir='ltr'>tamen</span> <span class='ocrx_word' id='word_1_431' title='bbox 1644 2238 1773 2280; x_wconf 81' lang='lat' dir='ltr'>potuit,</span> <span class='ocrx_word' id='word_1_432' title='bbox 1807 2240 1841 2267; x_wconf 88' lang='lat' dir='ltr'>ut</span> 
     </span>
    </p>
   </div>
   <div class='ocr_carea' id='block_1_12' title="bbox 1009 2272 1044 2294">
    <p class='ocr_par' dir='ltr' id='par_1_13' title="bbox 1009 2272 1044 2294">
     <span class='ocr_line' id='line_1_37' title="bbox 1009 2272 1044 2294; baseline 0 0"><span class='ocrx_word' id='word_1_433' title='bbox 1009 2272 1044 2294; x_wconf 54' lang='grc' dir='ltr'>μς</span> 
     </span>
    </p>
   </div>
   <div class='ocr_carea' id='block_1_13' title="bbox 166 2317 1841 2407">
    <p class='ocr_par' dir='ltr' id='par_1_14' title="bbox 166 2317 1841 2407">
     <span class='ocr_line' id='line_1_38' title="bbox 166 2317 1840 2367; baseline -0.011 -2"><span class='ocrx_word' id='word_1_434' title='bbox 166 2330 358 2367; x_wconf 84' lang='lat' dir='ltr'>vocabulum</span> <span class='ocrx_word' id='word_1_435' title='bbox 390 2321 449 2362; x_wconf 51' lang='lat' dir='ltr'>soi&gt;</span> <span class='ocrx_word' id='word_1_436' title='bbox 478 2328 637 2360; x_wconf 86' lang='lat' dir='ltr'>Arabibus</span> <span class='ocrx_word' id='word_1_437' title='bbox 669 2326 908 2358; x_wconf 80' lang='lat' dir='ltr'>Jemanensibus</span> <span class='ocrx_word' id='word_1_438' title='bbox 946 2327 1068 2358; x_wconf 85' lang='lat' dir='ltr'>serioris</span> <span class='ocrx_word' id='word_1_439' title='bbox 1100 2326 1212 2358; x_wconf 87' lang='lat' dir='ltr'>aetatis</span> <span class='ocrx_word' id='word_1_440' title='bbox 1246 2324 1390 2355; x_wconf 84' lang='lat' dir='ltr'>usitatius</span> <span class='ocrx_word' id='word_1_441' title='bbox 1427 2322 1531 2354; x_wconf 78' lang='lat' dir='ltr'>suerit.</span> <span class='ocrx_word' id='word_1_442' title='bbox 1588 2321 1672 2352; x_wconf 89' lang='lat' dir='ltr'>Olim</span> <span class='ocrx_word' id='word_1_443' title='bbox 1707 2317 1840 2361; x_wconf 86' lang='lat' dir='ltr'>quidem</span> 
     </span>
     <span class='ocr_line' id='line_1_39' title="bbox 1771 2386 1841 2407; baseline -0.014 0"><span class='ocrx_word' id='word_1_444' title='bbox 1771 2386 1841 2407; x_wconf 86' lang='lat' dir='ltr'>mu·</span> 
     </span>
    </p>
   </div>
  </div>
 </body>
</html>
