2055 2865
619 419 1279 485 PRAEFATIO.

668 637 1216 650 ——s-mt-l-f-l*

201 805 409 840 Rectissime
429 804 518 839 mihi
539 803 708 839 videntur
727 803 772 838 de
795 803 943 837 historia
966 803 1124 848 gentium
1146 802 1302 836 Orientis
1318 800 1501 847 judicare,
1524 799 1587 847 qui
1606 803 1785 836 statuunt,

104 880 259 925 singulas
287 880 365 924 ejus
388 884 506 923 partes
530 878 689 911 nondum
712 878 795 912 satis
816 876 974 922 cognitas
999 883 1035 910 et
1055 882 1257 921 perspectas
1283 888 1375 914 esse,
1402 881 1443 909 ut
1466 875 1633 909 universa
1657 873 1784 908 Orien·

106 954 152 987 tis
177 952 324 986 historia
351 951 582 997 probabiliter
610 951 721 996 possit
751 951 944 989 conscribi,
979 956 1086 995 atque
1114 950 1202 983 adeo
1233 949 1359 982 melius
1388 949 1433 982 de
1463 949 1523 981 illa
1552 947 1697 985 mereri,
1723 948 1786 992 qui

108 1027 261 1072 aliquam
291 1026 368 1071 ejus
392 1030 527 1070 partem
555 1023 744 1069 diligenter
767 1030 874 1069 atque
903 1028 1070 1056 accurate
1102 1022 1280 1056 illustrant
1306 1027 1343 1055 et
1367 1026 1554 1058 exornant,
1591 1031 1697 1065 quam
1722 1021 1785 1065 qui

106 1099 307 1133 universam
336 1098 428 1131 hanc
456 1096 642 1131 historiam
676 1108 887 1142 componere
920 1096 1073 1135 audent,
1110 1096 1214 1141 eujus
1245 1095 1398 1141 singulas
1426 1101 1545 1141 partes
1579 1104 1651 1127 non
1675 1092 1786 1138 probe

106 1174 172 1218 ipsi
202 1177 389 1205 noverunt.
454 1170 560 1217 Quod
597 1176 714 1205 tamen
746 1182 793 1205 ne
825 1171 875 1204 ita
903 1170 1122 1216 accipiatur,
1160 1182 1201 1204 ae
1236 1170 1264 1203 si
1298 1169 1434 1216 aliquid
1460 1169 1649 1203 detrahere
1679 1167 1786 1202 velim

103 1244 200 1278 laudi
225 1251 288 1279 aut
319 1245 452 1285 famae,
485 1257 592 1291 quam
622 1246 801 1284 nonnulli,
841 1251 976 1279 tantam
1003 1256 1121 1278 rerum
1153 1244 1280 1278 molem
1313 1255 1394 1278 eum
1428 1243 1564 1288 ingenii
1599 1241 1783 1279 acumine,

103 1319 286 1353 doctrinae
303 1320 404 1365 eopia
426 1325 464 1353 et
483 1320 652 1353 continua
671 1320 858 1365 diligentia
879 1319 1050 1365 adgressi,
1072 1318 1198 1352 merito
1218 1317 1283 1352 sihi
1300 1322 1611 1364 comparaverunt3
1633 1326 1785 1360 quorum

103 1404 228 1438 opera,
263 1393 329 1427 etsi
360 1394 489 1440 passim
517 1394 635 1429 minus
664 1401 830 1429 accurate
865 1394 1084 1439 conscripta,
1122 1392 1208 1426 huie
1242 1399 1360 1427 tamen
1388 1391 1506 1426 studio
1541 1388 1782 1435 promovendo

102 1468 242 1512 egregie
264 1468 473 1502 inserviunt.
533 1469 603 1502 Sed
626 1480 738 1512 quum
769 1469 846 1501 fieri
878 1472 1049 1512 nequeat,
1076 1467 1181 1511 quin,
1215 1467 1277 1512 qui
1307 1471 1378 1499 tam
1411 1464 1561 1509 amplam
1589 1468 1625 1496 et
1652 1462 1782 1507 partim

103 1540 228 1574 rudem
252 1540 436 1573 materiam
464 1539 531 1573 sibi
561 1541 782 1574 tractandam
816 1545 975 1578 sumunt,
1012 1539 1191 1572 interdum
1217 1551 1334 1572 rerum
1365 1538 1526 1572 ordinem
1555 1541 1784 1573 convertant,

103 1618 165 1647 aut
192 1625 248 1646 res
276 1613 442 1646 maximas
476 1612 614 1645 minimi
643 1613 794 1650 faciant,
830 1611 1098 1656 levissimasque
1130 1617 1301 1645 exornent
1325 1617 1361 1644 et
1390 1623 1453 1655 pro
1483 1608 1695 1655 gravissimis
1720 1608 1784 1641 ha-

101 1687 224 1724 beant,
262 1685 443 1719 interdum
476 1686 585 1720 etiam
614 1685 705 1719 nihil
729 1686 958 1720 memorabile
992 1685 1061 1719 hoc
1091 1686 1147 1719 vel
1176 1685 1236 1719 illo
1272 1690 1429 1729 tempore
1457 1689 1576 1718 aetum
1608 1682 1783 1724 reserant,

103 1761 187 1807 quia
211 1759 350 1794 seilicet
378 1759 446 1804 ipsi
472 1771 527 1794 res
557 1765 671 1805 gestas
696 1760 877 1805 ignorant,
906 1759 994 1805 quid
1024 1771 1111 1805 opus
1142 1766 1197 1794 est
1226 1759 1353 1792 horum
1381 1770 1567 1793 numerum
1591 1770 1719 1803 augere
1746 1765 1783 1792 et

103 1833 340 1880 gravissimam
359 1831 582 1879 disciplinam
602 1835 803 1868 temeritate
827 1840 934 1880 atque
957 1833 1107 1867 audacia
1129 1832 1346 1879 depravare?
1397 1832 1512 1877 Quam
1535 1833 1638 1867 facile
1663 1839 1785 1867 autem

102 1908 141 1940 in
165 1906 340 1952 ejusmodi
366 1919 501 1941 errores
527 1908 584 1942 vel
609 1909 660 1941 illi
685 1908 864 1947 incidant,
895 1908 957 1953 qui
982 1908 1172 1953 plurimum
1200 1908 1237 1941 in
1260 1908 1370 1942 totius
1399 1907 1569 1941 historiae
1593 1907 1783 1942 Orientalis

103 1980 305 2025 cognitione
341 1980 408 2014 sibi
447 1982 682 2027 comparanda
711 1981 978 2016 desudaverunt
1010 1987 1047 2015 et
1082 1981 1120 2014 in
1153 1981 1232 2026 ejus
1262 1982 1508 2016 conditoribus
1537 1981 1784 2015 eruditissimis

101 2055 183 2099 jure
210 2061 458 2094 numerantur,
485 2055 563 2100 ejus
589 2056 639 2090 rei
668 2055 991 2090 luculentissimum
1016 2056 1214 2101 exemplum
1237 2056 1388 2102 praebet
1412 2055 1481 2089 Cel.
1509 2054 1689 2089 Hammeri
1711 2054 1783 2087 uti-

105 2126 279 2160 lissimum
311 2140 415 2172 opus,
452 2129 548 2174 quod
578 2129 771 2163 Historiam
804 2129 943 2174 imperii
969 2129 1165 2163 Otsmanici
1194 2130 1373 2176 inscripsit
1399 2129 1548 2175 ejusque
1573 2128 1782 2173 praesertim

108 2200 169 2233 illa
193 2212 288 2245 pars,
313 2201 349 2233 in
373 2213 444 2247 qua
469 2201 646 2241 Arabum,
672 2202 843 2248 quamdiu
864 2202 1013 2248 imperio
1036 2203 1240 2237 Otsmanieo
1265 2208 1477 2249 paruerunt,
1505 2201 1651 2235 historia
1677 2213 1782 2246 expo-

107 2273 215 2307 nitur.
274 2274 424 2320 Egregie
451 2275 545 2309 enim
570 2281 730 2310 versatus
758 2282 812 2310 est
833 2275 898 2310 Vir
928 2275 1183 2311 Celeberrimus
1210 2278 1247 2311 in
1271 2274 1477 2321 explicanda
1503 2274 1562 2308 illa
1588 2274 1696 2320 hujus
1721 2287 1782 2320 pe·

105 2347 197 2381 riodi
234 2354 355 2393 parte,
389 2359 481 2395 quae
519 2349 736 2386 invasionem
761 2350 1010 2385 Cireassiorum
1034 2350 1292 2397 Aegyptiorum
1322 2355 1359 2383 et
1388 2349 1582 2384 'furcarum
1610 2354 1648 2383 et
1679 2349 1783 2383 initia

1321 2424 1336 2439 *
1729 2428 1782 2456 at-
