2055 2865
760 158 840 185 ‚-—
888 142 1052 177 53ὺν

77 231 237 278 coretum
263 232 360 281 quod
378 245 458 268 cum
476 233 513 268 in
530 239 724 280 conspectu
745 234 968 269 obsessorum
994 236 1134 281 saepius
1153 234 1289 269 sactum
1316 241 1408 270 esset
1430 236 1497 270 illis
1525 248 1614 282 quos
1636 237 1744 272 fames

80 298 118 330 in
143 295 245 330 initio
274 286 467 330 obsidionis
495 298 659 341 coegerat
687 295 813 329 urbem
841 295 1042 340 relinquere
1063 322 1070 334 ,
1103 297 1307 331 maluerunt
1343 298 1474 332 deinde
1504 310 1624 331 omnes
1654 299 1747 333 intra

77 357 260 391 castellum
275 358 379 397 mori,
405 369 512 403 quam
529 357 621 391 ferro
642 357 807 390 hostium.
856 355 981 400 Neque
1000 356 1134 389 idcirco
1154 358 1305 391 Sinanus
1332 359 1433 392 novit
1454 359 1531 392 istis
1551 359 1650 393 malis
1666 371 1747 405 pre-

77 419 125 451 m'i
144 419 489 458 Dzamannarenses,
522 430 640 463 neque
668 417 791 450 audire
810 415 931 460 potuit
949 415 1144 449 deditionis
1172 418 1389 451 desiderium
1418 420 1461 452 iis
1492 431 1567 453 esse
1596 414 1746 465 flagran-v

76 479 270 513 tissimum:
297 492 480 526 quumque
506 489 686 523 nunquam
703 485 822 509 muros
840 483 1077 521 oppugnaret,
1104 477 1213 511 facies
1231 479 1375 523 quoque
1404 491 1526 513 eorum
1549 480 1748 526 formasque

80 540 173 574 fame
203 547 410 574 extenuatas
438 552 511 573 non
532 538 632 572 vidit.
681 538 739 571 Nil
756 538 851 571 enim
870 537 1014 582 agebat,
1041 538 1110 571 nisi
1127 539 1225 584 quod
1244 539 1368 572 urbem
1386 539 1570 573 obsidione
1592 542 1750 585 cingeret

79 601 265 638 continua,
294 600 390 644 quod
408 611 488 633 cum
508 599 581 633 otio
597 590 752 632 milituln
771 598 887 632 facere
912 598 1062 641 licebat3
1089 600 1185 633 unde
1207 606 1243 633 et
1268 600 1306 633 in
1324 599 1434 645 ipsius
1456 601 1614 633 exercitu
1635 603 1747 645 gravis

79 660 241 693 defectus
267 661 448 705 regiminis
468 660 724 695 observabatur
742 665 779 693 et
793 660 1063 695 decrementum
1082 661 1305 695 strenuitatis
1323 666 1359 694 et
1379 661 1523 695 ordinis.

126 719 215 754 Cum
230 721 341 766 igitur
359 727 440 767 post
460 722 667 756 diuturnam
686 722 925 757 Dzamarrnari
943 722 1165 757 obsidionem
1191 723 1310 756 nullus
1331 723 1504 756 victoriae
1531 724 1680 757 nuntius
1706 723 1751 757 ad

77 782 258 815 Hasanum
280 783 507 827 perveniret,
542 795 760 830 quamquam
786 783 1003 817 validissimo
1033 783 1186 817 Sinanus
1225 789 1391 817 uteretur
1423 784 1606 823 exercitu,
1641 791 1749 831 atque

78 843 223 887 insuper
249 855 370 877 rumor
395 844 645 889 dissiparetur,
679 845 909 889 languescere
938 851 974 879 et
1003 845 1190 890 depravari
1216 845 1371 879 militum
1389 845 1523 878 animos
1545 851 1582 879 et
1601 849 1750 890 corpora

77 915 140 948 per
158 903 427 937 dissolutionem
446 909 483 937 et
505 904 651 937 nimiam
675 905 944 944 relaxationem,
971 906 1137 939 omnibus
1165 912 1332 939 accurate
1358 907 1559 950 perpensis,
1586 907 1750 939 Hasanus

76 964 251 1009 optimum
268 965 449 1009 judicavit
466 976 634 998 revocare
651 965 822 998 Sinanum
841 966 886 998 ab
902 967 1050 1010 imperio
1069 972 1265 999 castrorum
1284 966 1516 1010 inclytorum,
1543 968 1593 999 ita
1614 973 1753 1005 tamen,

76 1031 118 1058 ut
136 1026 194 1060 ille
212 1037 285 1059 non
305 1025 604 1059 animadverteret
622 1025 749 1070 agendi
769 1016 868 1058 suam
893 1026 1069 1059 rationem
1097 1038 1117 1059 a
1142 1026 1280 1060 Pascha
1309 1026 1501 1071 reprobari.
1553 1026 1754 1061 Arcessivit

76 1098 158 1131 ergo
177 1087 349 1121 Sinanum
365 1088 533 1125 Sanaam,
560 1086 637 1124 cui,
665 1097 747 1118 cum
765 1086 977 1124 advenerat,
1005 1087 1164 1120 ostendit
1192 1098 1228 1120 se
1259 1087 1350 1120 velle
1378 1086 1590 1120 contrahere
1618 1089 1752 1121 exerci-

75 1153 169 1186 tum,
195 1148 258 1193 qui
279 1147 441 1180 omnibus
460 1146 565 1180 rebus
583 1146 781 1180 instructus
801 1146 951 1179 Saadam
968 1153 1111 1191 peteret
1129 1159 1280 1193 eamque
1301 1153 1541 1193 expugnatam
1560 1148 1752 1182 reduceret

73 1209 119 1241 ad
146 1207 334 1253 imperium
355 1207 594 1240 Sultanicum:
622 1219 705 1240 eum
725 1219 761 1240 se
787 1207 936 1251 elegisse
963 1208 1046 1253 qui,
1074 1209 1250 1243 exercitus
1276 1209 1486 1253 imperator,
1514 1210 1631 1242 onmia
1648 1219 1774 1254 prae—·

74 1274 234 1314 pararet,
260 1279 352 1313 quae
371 1268 416 1302 ad
435 1268 472 1302 id
492 1268 625 1302 bellum
644 1274 762 1302 essent
791 1269 992 1301 necessaria
1022 1274 1058 1302 et
1077 1269 1162 1302 dein
1190 1270 1340 1303 Saadam
1366 1275 1604 1314 recuperaret.
1655 1269 1752 1304 Exiit

73 1334 151 1362 tum
165 1328 316 1363 Sinanus
333 1341 414 1363 cum
431 1329 624 1368 militibus,
650 1330 714 1375 qui
733 1330 867 1363 Sanaae
887 1335 988 1362 erant
1009 1335 1044 1362 et
1065 1330 1228 1363 constitit
1249 1336 1348 1364 extra
1366 1330 1492 1363 urbem
1512 1331 1557 1363 ad
1579 1331 1751 1375 templum

70 1390 214 1425 Ferwae
234 1389 256 1424 f.
280 1390 407 1424 Masiki
426 1390 590 1429 Sahabii,
617 1390 680 1423 ubi
701 1390 858 1434 reliquae
881 1390 1004 1433 copiae
1026 1390 1125 1423 illum
1143 1390 1285 1423 adirent
1306 1396 1342 1424 et
1356 1392 1477 1435 justae
1494 1391 1750 1435 magnitudinis

69 1451 248 1485 exereitus
270 1456 535 1484 convocaretur.
586 1451 631 1483 In
657 1451 735 1494 ejus
756 1455 842 1482 tunc
870 1450 988 1481 locum
1014 1450 1188 1494 praefecit
1207 1451 1368 1484 Hasanus
1386 1451 1583 1485 Nadhirum
1605 1458 1641 1485 et
1662 1453 1749 1487 Def-

69 1513 268 1546 t'erdarium
294 1512 519 1556 Mustapham
547 1512 721 1544 exercitui
757 1511 942 1545 Sultanico
976 1512 1262 1544 Dzamanuarum
1295 1511 1490 1550 obsidenti,
1524 1513 1746 1557 praesectum

73 1572 323 1606 fortissimum:
350 1572 414 1617 qui
433 1584 514 1605 cum
533 1572 577 1605 ad
597 1578 710 1605 castra
728 1572 788 1604 illa
807 1577 1020 1617 pervenerat
1047 1577 1084 1604 et
1110 1572 1146 1604 in
1168 1572 1344 1605 exercitus
1369 1573 1611 1606 conditionem
1631 1574 1751 1618 inqui-

70 1635 216 1673 siverat,
243 1633 335 1667 vidit
350 1645 457 1678 quam
473 1633 622 1666 maxime
638 1633 769 1677 negligi
788 1638 984 1665 castrorum
1006 1632 1206 1664 custodiam
1224 1638 1261 1665 et
1289 1633 1749 1678 castelli‘oppugnationem

72 1707 114 1730 ac
134 1694 333 1730 sultanicos
351 1694 482 1727 milites
503 1694 644 1739 ignavia
662 1699 698 1727 et
722 1694 860 1727 desidia
879 1693 1080 1737 consopitos
1105 1693 1295 1737 diligentes
1323 1693 1430 1726 unice
1456 1706 1531 1727 esse
1560 1694 1597 1727 in
1625 1695 1748 1728 convi-

72 1756 136 1790 ciis
154 1755 363 1793 formandis,
390 1766 453 1799 per
477 1766 571 1800 quae
599 1754 749 1788 obsessis
774 1754 944 1800 probrum
971 1753 1174 1787 inserebant
1205 1760 1241 1787 et
1267 1754 1479 1793 effecerant,
1507 1761 1547 1788 ut
1569 1755 1613 1789 de
1634 1755 1750 1790 salute

72 1829 135 1850 sua
164 1828 285 1850 omnes
314 1816 610 1861 desperavissent.
662 1816 730 1850 Per
760 1827 973 1861 praeconem
1000 1827 1083 1859 ergo
1112 1816 1183 1849 suis
1211 1815 1385 1849 militibus
1409 1816 1538 1855 edixit,
1571 1823 1612 1850 ut
1642 1829 1751 1851 unus-

72 1878 223 1925 quisque
243 1889 306 1911 suo
323 1877 401 1911 loco
420 1889 456 1910 se
476 1877 678 1910 contineret
708 1882 745 1909 et
773 1888 793 1909 a
811 1877 1029 1910 contumelia
1055 1876 1214 1910 hostium
1244 1888 1280 1910 se
1301 1877 1492 1911 retineret:
1520 1890 1592 1923 quo
1614 1878 1749 1912 factum

71 1944 144 1977 est,
168 1944 211 1972 ut
231 1950 369 1976 omnes,
395 1937 510 1971 missis
531 1937 723 1976 conviciis,
751 1938 795 1970 ad
816 1937 1063 1970 defensionem
1092 1942 1288 1970 castrorum
1312 1944 1349 1971 et
1366 1950 1454 1983 opus
1474 1939 1627 1984 quisque
1645 1950 1748 1974 suum

69 1998 232 2043 gnaviter
255 1998 526 2036 incumbentes,
548 1998 640 2043 justi
668 2003 705 2031 et
734 1997 825 2032 bene
852 1998 1008 2031 ordinati
1033 1998 1210 2031 exercitus
1239 1999 1395 2044 speciem
1421 1999 1552 2032 iterum
1578 2000 1754 2033 exhibue-

70 2059 154 2092 rint.
203 2057 282 2091 Non
300 2058 406 2092 desiit
425 2064 503 2091 tum
522 2058 729 2103 Mustapha,
755 2070 819 2103 per
837 2059 968 2091 milites
987 2059 1032 2092 ad
1062 2059 1098 2092 id
1125 2065 1370 2104 praeparatos,
1396 2066 1434 2093 et
1456 2060 1618 2105 mitigare
1639 2059 1745 2092 corda

71 2119 229 2153 hostium
244 2123 303 2156 et,
331 2129 412 2152 cum
428 2130 488 2164 spe
506 2118 649 2156 salutis,
676 2119 773 2152 vitae
791 2119 1009 2153 desiderium
1019 2120 1251 2162 resuscitare3
1273 2121 1424 2165 ejusque
1444 2120 1488 2153 ad
1507 2119 1748 2154 obedientiam

71 2191 268 2226 pacemque
291 2178 427 2213 monita
447 2177 544 2211 hunc
575 2179 744 2213 tulerunt·
761 2180 934 2218 fructum,
970 2186 1012 2213 ut
1032 2185 1112 2225 post
1139 2192 1272 2225 paucos
1301 2181 1377 2214 dies
1405 2180 1657 2214 commercium
1681 2184 1750 2225 per'

68 2240 205 2274 litteras
224 2240 405 2285 inceptum
425 2239 469 2272 sit
491 2251 510 2272 a
528 2239 705 2272 Lothsalla
725 2240 769 2274 de
789 2240 923 2274 castelli
944 2246 981 2274 et
1001 2241 1099 2274 urbis
1118 2241 1302 2274 deditione
1319 2246 1354 2273 et
1373 2241 1492 2284 paullo
1513 2246 1593 2285 post
1612 2241 1750 2286 legatus

66 2312 214 2350 quoque
232 2300 429 2337 Lothfallae
450 2300 495 2335 ad
516 2312 598 2336 eum
616 2301 773 2340 venerit,
800 2302 863 2349 qui
889 2302 934 2337 de
959 2302 1019 2337 illa
1043 2314 1080 2337 re
1112 2312 1192 2336 cum
1213 2300 1441 2337 Defterdario
1473 2302 1746 2349 colloqueretur.

1667 2363 1749 2398 Pcr-
