2055 2865
866 192 1150 227 —50—

169 287 269 326 Tunc
292 283 437 326 laudato
464 292 502 322 et
532 289 758 321 remunerato
794 285 891 319 omni
923 287 1084 321 exercitu
1100 313 1110 326 ,
1143 286 1253 333 hujus
1288 285 1476 334 imperium
1504 289 1726 337 >aliquamdiu
1761 292 1839 340 ipse

173 347 339 392 suscepit.

220 407 287 442 Die
309 406 419 440 altero
438 410 519 451 post
537 405 615 451 ejus
634 406 846 446 adventum,
872 406 935 453 qui
963 412 1040 441 erat
1067 405 1144 441 dies
1174 413 1322 442 octavus
1346 407 1479 442 Rebiae
1514 409 1641 453 prioris
1667 412 1839 458 impetum

175 468 262 504 fecit
292 467 467 501 exercitus
488 467 691 502 Sultanicus
708 468 745 502 in
764 468 970 502 Firasehum
988 473 1001 490 ³
1030 474 1068 502 et
1094 468 1270 502 Kahalum
1287 468 1318 508 b,
1344 468 1475 514 quibus
1496 469 1533 503 in
1559 469 1664 510 locis,
1689 478 1731 505 ut
1748 474 1840 506 Dza·

171 529 316 564 mamari
335 528 628 574 propugnaculis,
654 529 833 574 praesidia
850 528 1005 562 firmiora
1024 528 1202 562 Lothfalla
1220 530 1452 574 disposuerat.
1502 530 1580 564 Non
1599 544 1684 565 vero
1703 544 1745 566 ea
1763 532 1843 565 loca

176 595 252 624 tum
272 594 444 634 ceperunt
467 589 599 624 Hasani
624 590 763 635 copiae,
799 602 1014 636 quamquam
1040 590 1180 634 saepius
1207 590 1448 623 incursionem
1476 591 1719 636 repetiverint.
1770 592 1846 626 Fir-

172 650 280 686 miter
299 650 395 683 enim
424 650 585 683 constitit
617 656 732 684 totum
759 651 858 684 illum
886 650 982 683 diem
1007 650 1204 683 Lothfallae
1231 651 1331 684 miles
1361 650 1398 684 111
1426 657 1580 698 utroque
1609 652 1687 686 loco
1713 657 1750 686 et
1770 663 1844 686 non

170 711 248 746 sine
274 711 372 755 gravi
400 711 528 744 damno
559 710 752 744 adversarii
782 710 860 754 ejus
886 710 1064 754 repulsam
1092 710 1262 744 tulerunt.
1313 712 1492 745 Postridie
1519 712 1649 746 iterum
1670 713 1844 747 Sultanici

174 772 307 807 milites
335 772 372 805 in
400 778 592 816 utrumque
621 776 779 804 montem
808 770 1008 811 irruerunt3
1036 780 1078 802 ac
1098 771 1243 804 tandem
1269 783 1311 805 eo
1340 771 1414 810 die,
1441 784 1522 806 eum
1548 773 1648 806 fessis
1672 774 1841 808 continuo

175 838 339 867 recentes
358 831 610 864 successissent
629 830 779 867 milites,
805 830 992 875 utriusque
1013 830 1083 863 loci
1101 831 1227 863 eodem
1247 836 1405 876 tempore
1426 838 1509 865 sunt
1523 834 1629 877 potiti
1648 840 1729 878 post
1748 839 1847 868 atrox

174 893 364 940 proelium,
391 892 429 924 in
457 903 528 936 quo
555 890 725 936 utrinque
755 892 952 937 complures
980 891 1239 925 occubuerunt.
1289 891 1407 936 Magni
1436 897 1512 925 erat
1529 894 1699 925 momenti
1718 893 1847 926 horum

174 954 335 987 locorum
355 952 585 997 expugnatio,
613 951 642 985 si
660 953 808 997 quidem
821 953 897 998 jam
913 953 1057 986 demum
1068 952 1242 986 Sultanici
1258 952 1448 997 prohibere
1467 959 1630 998 possent,
1657 953 1847 998 quominus

173 1014 464 1049 Dzamarmarum
488 1012 533 1045 ab
560 1013 655 1046 omni
682 1013 741 1047 illo
761 1019 878 1047 tractu
907 1018 1144 1046 commeatum
1162 1019 1198 1046 et
1223 1013 1354 1046 auxilia
1376 1013 1555 1059 acciperet
1581 1019 1617 1047 et
1637 1014 1718 1048 ideo
1739 1014 1845 1060 digna

174 1080 252 1108 erat
267 1100 275 1112 ,
301 1085 393 1119 quae
414 1073 473 1106 vel
491 1084 572 1106 cum
597 1073 791 1106 multorum
808 1074 962 1106 militum
981 1074 1124 1119 jactura
1144 1073 1387 1118 perficeretur.
1438 1074 1483 1108 In
1501 1075 1706 1108 universum
1727 1080 1847 1109 autem

182 1134 466 1169 animadvertere
492 1133 598 1172 licet,
627 1134 745 1178 copias
774 1135 973 1168 Sultanicas
1000 1134 1072 1168 huc
1097 1146 1210 1180 usque
1240 1134 1481 1168 adversarium
1509 1135 1597 1169 adeo
1626 1135 1755 1169 fortem
1770 1147 1843 1169 non

174 1194 285 1229 fuisse
306 1200 445 1233 nactas,
472 1206 514 1228 ac
538 1194 752 1229 Lothfallam
780 1196 930 1242 ejusque
959 1196 1173 1229 exercitum:
1198 1206 1316 1240 neque
1349 1195 1445 1228 enim
1467 1196 1574 1229 ullius
1601 1195 1754 1241 regionis
1784 1200 1847 1229 aut

174 1255 247 1290 loci
267 1256 404 1301 potitae
425 1261 523 1294 sunt,
550 1256 669 1302 inquo
681 1256 788 1301 hujus
809 1257 925 1290 stabat
943 1256 1062 1294 miles,
1087 1256 1157 1289 nisi
1167 1262 1247 1302 post
1265 1267 1419 1301 pugnam
1438 1268 1579 1301 gravem
1599 1262 1634 1290 et
1653 1257 1846 1290 multorum

174 1327 195 1350 e
213 1316 285 1349 suis
305 1315 500 1349 interitum.
551 1316 681 1362 Itaque
713 1328 795 1350 eum
821 1328 864 1350 ex
884 1329 968 1351 vero
995 1317 1154 1356 dicatur,
1181 1317 1360 1350 neminem
1386 1317 1518 1350 bellum
1546 1317 1692 1362 gessisse
1722 1322 1847 1350 contra

175 1375 358 1410 Hasanum
376 1375 503 1409 fortius
525 1376 603 1415 illo,
625 1377 730 1410 illove
750 1378 971 1410 constantius
991 1377 1077 1410 belli
1096 1377 1291 1411 infortunia
1320 1389 1395 1410 esse
1424 1389 1583 1421 passum:
1611 1382 1689 1410 tuin
1714 1377 1846 1410 milites

174 1449 319 1483 quoque
348 1437 426 1482 ejus
453 1437 491 1470 in
516 1437 585 1470 hoc
600 1436 694 1470 bello
722 1437 791 1471 viri
819 1443 921 1471 erant
939 1438 1093 1476 strenui,
1120 1438 1293 1476 audaces,
1321 1437 1430 1471 fortes
1456 1443 1493 1470 et
1514 1442 1732 1477 constantes,
1758 1449 1848 1484 quo-

174 1509 253 1532 rum
273 1499 445 1533 virtutem
470 1498 635 1532 bellicam
655 1498 832 1532 acuebant
844 1499 1020 1532 libertatis
1038 1510 1135 1532 amor
1156 1504 1192 1532 et
1211 1498 1349 1533 servitii
1367 1498 1490 1532 odium
1508 1497 1797 1531 infensissimum.

224 1559 318 1592 Hinc
338 1560 434 1592 misit
451 1560 605 1598 Pascha,
632 1560 718 1593 dum
736 1560 811 1605 ipse
841 1560 990 1593 Sanaam
1016 1559 1282 1596 revertebatur,
1308 1559 1380 1592 duo
1404 1559 1545 1603 agmina
1574 1559 1743 1593 adversus
1773 1559 1855 1593 duo·

176 1619 321 1653 castella
342 1631 451 1664 prope
482 1620 768 1652 Dzamarmarum
793 1619 879 1656 sita,
907 1619 1089 1652 Azzanum
1117 1625 1153 1652 et
1181 1619 1407 1656 Kahranum,
1443 1630 1514 1651 uno
1540 1618 1682 1651 nomine
1711 1619 1848 1653 Fissein

177 1685 402 1723 nuncupata,
428 1684 470 1712 ut
491 1691 533 1712 ea
552 1679 775 1716 obsiderent,
801 1678 871 1711 nisi
893 1678 1089 1724 irruptione
1117 1678 1304 1712 subitanea
1326 1684 1470 1724 possent
1500 1679 1701 1723 expugnari.
1751 1678 1849 1712 Kah-

176 1751 261 1773 rano
276 1745 439 1785 praeerat
459 1751 550 1773 unus
571 1752 589 1773 e
609 1739 808 1774 Lothsallae
827 1739 925 1777 filiis,
952 1741 1014 1786 qui
1042 1745 1127 1773 tunc
1153 1740 1310 1773 omnium
1337 1739 1496 1773 Arabum
1523 1738 1757 1784 pulcerriinus
1785 1738 1849 1772 ha-

177 1800 330 1840 bebatur
350 1806 386 1834 et
405 1812 513 1834 manu
530 1800 760 1839 fortissimus,
783 1806 820 1834 et
837 1806 1022 1845 praetcrea
1050 1800 1152 1833 ambo
1178 1801 1266 1833 haec
1293 1800 1438 1833 castella
1457 1805 1558 1833 erant
1583 1799 1685 1833 aditu
1705 1799 1846 1834 difficil-

177 1860 279 1900 lima,
306 1862 439 1908 quippe
458 1867 637 1896 exstructa
655 1862 694 1895 in
711 1861 891 1895 montibus
920 1861 1051 1906 asperis
1079 1867 1115 1894 et
1136 1861 1224 1894 altis.
1273 1861 1367 1895 Hinc
1388 1859 1522 1893 factum
1548 1866 1618 1899 est,
1646 1866 1687 1894 ut
1715 1861 1848 1895 Hasani

178 1921 328 1961 milites,
355 1935 467 1968 quum
494 1935 617 1957 eorum
641 1923 817 1968 praesidia
836 1923 983 1967 vigilare
1012 1922 1277 1966 cognovissent,
1304 1933 1347 1955 ea
1375 1921 1559 1955 obsidione
1587 1921 1781 1960 cinxerint,
1809 1927 1846 1954 et

178 1982 229 2014 ita
260 1983 405 2017 tandem
442 1984 533 2017 fame
570 1996 692 2017 eorum
719 1984 896 2029 praesidia
933 1984 1115 2027 coegerint
1144 1995 1186 2016 ea
1219 1983 1286 2016 sibi
1315 1983 1465 2016 tradere.
1526 1983 1569 2015 Id
1598 1982 1844 2015 Kahranenses

180 2042 345 2077 fecerunt
362 2056 481 2078 mense
510 2045 682 2090 Djomada
707 2044 814 2089 priori
837 2043 950 2089 (Majo
972 2063 1015 2069 —-
1034 2044 1142 2077 Juuio
1165 2043 1277 2087 1583)
1308 2049 1344 2076 et
1373 2043 1491 2088 paullo
1520 2048 1599 2087 post
1626 2042 1850 2076 Azzanenses

183 2115 305 2137 corum
325 2106 524 2150 exemplum
545 2111 627 2139 sunt
646 2105 770 2139 secuti.
821 2104 900 2148 Quo
921 2110 1077 2150 tempore
1098 2111 1217 2138 autem
1245 2104 1415 2149 agebatur
1434 2104 1478 2137 de
1505 2103 1662 2137 Kahrani
1690 2103 1845 2137 deditio-

180 2163 292 2203 tione,
320 2179 431 2212 quum
450 2167 673 2201 incolumitas
694 2167 771 2212 ejus
790 2164 967 2212 pracsidio
998 2166 1255 2200 concederetur
1279 2177 1299 2199 a
1326 2166 1473 2205 Siliano,
1507 2165 1700 2199 noluerunt
1728 2169 1846 2199 tamen

1807 2223 1849 2268 fl:

235 2345 248 2360 ε
267 2338 386 2388 „asset
551 2342 566 2366 b
583 2333 650 2385 ῥῷ
