2055 2865
890 159 1171 191 wgo-.-

189 255 416 290 dosomlondm
434 254 566 297 perire,
595 264 701 297 quam
724 252 757 284 ir.
779 251 914 297 perjuri
932 250 1044 284 lis-..ctis
1066 263 1139 283 sese
1164 249 1301 283 tradere
1319 257 1540 296 potestatem.
1595 254 1742 299 Scripsit
1762 260 1862 299 ergo,v

189 329 296 362 qwm
321 317 392 359 ipsc
413 325 448 345 sc
468 313 604 346 (liutius
627 313 720 346 tueri
739 324 809 345 non
821 318 955 357 posset,
980 312 1022 345 ad
1044 312 1427 349 Imamizirili'aszirium,
1445 313 1645 359 Principem
1658 315 1860 353 Ahnoumi.

189 383 313 421 petens
340 374 384 406 ab
413 374 473 406 illo
503 375 633 407 auxilia
663 379 699 407 et
727 372 942 415 subsidium3
980 378 1016 405 ct
1053 372 1232 416 pollicitus
1262 373 1366 406 simul
1394 373 1426 406 ci
1463 379 1516 406 est
1542 386 1614 408 sese
1641 382 1858 409 sectaturum

188 438 264 481 ejus
285 441 422 480 partes,
450 436 654 479 agniturum
673 435 750 479 ejus
768 434 981 466 Imamatum
1002 439 1038 466 et
1067 434 1283 467 traditurum
1308 435 1344 466 in
1373 434 1450 478 ejus
1479 439 1691 478 potestatem
1715 437 1858 470 castella

189 510 250 530 sua
268 497 402 535 omnia,
430 496 588 540 exceptis
619 495 742 528 Tsolae
769 495 912 527 castello
941 500 976 527 et
1001 494 1211 533 Hadhouro‚
1249 506 1342 540 quae
1373 506 1534 539 expressa
1558 495 1761 529 conditione
1791 497 1858 529 sibi

189 558 394 591 vindicavit.
447 557 510 590 llis
531 555 795 589 conditionibus
817 556 936 589 statim
957 554 1082 588 foedus
1102 561 1317 600 pactumque
1339 561 1392 588 est
1412 557 1541 589 initum
1564 557 1658 590 inter
1675 557 1764 590 duos
1782 556 1858 590 illos

186 620 385 664 principcs3
413 618 474 650 sed
496 629 574 651 sero
595 617 761 661 cognovit
780 616 883 649 Alius
904 615 1030 659 Jahja,
1056 616 1152 649 istud
1173 618 1299 650 Imami
1316 617 1448 650 Hasani
1474 618 1644 650 auxilium
1662 628 1682 650 a
1703 629 1738 649 se
1760 629 1858 650 aver-

188 687 262 713 tere
286 691 357 712 non
386 690 488 723 posse
518 678 684 717 exitium,
710 689 777 710 nce
808 677 893 709 socii
923 675 1072 708 salutem
1103 683 1279 720 spectasse
1309 677 1493 711 Imamum.
1553 678 1669 722 Hujus
1699 677 1793 710 enim
1820 678 1857 710 in

187 741 332 774 foedere
350 740 507 772 ineundo
530 739 716 771 consilium
738 738 872 775 suerat,
899 741 940 769 ut
957 736 1023 769 sibi
1044 737 1117 781 ipse
1140 738 1189 771 ita
1210 739 1359 771 salutem
1380 745 1416 771 et
1434 739 1661 772 securitatem
1678 750 1858 784 eompara-

188 809 254 834 rct:
282 801 396 834 voluit
417 800 510 832 enim
530 798 596 830 hae
615 798 753 830 ratione
782 809 801 829 a
824 809 859 830 se
890 803 1050 830 avertere
1081 798 1213 831 bellurn
1238 805 1344 843 atquc
1370 799 1438 836 ita,
1466 799 1551 832 dum
1578 800 1701 845 procul
1722 812 1742 833 a
1762 801 1853 834 sein

195 864 261 895 aiii
282 862 409 904 Jzssijae
431 859 568 891 ditione
586 858 718 891 bellum
736 857 941 902 gerebatur,
970 858 1143 903 impedire
1164 859 1359 892 exercitum
1379 859 1619 897 Sultanicum,
1649 872 1720 904 quo
1741 861 1858 894 minus

189 924 231 955 ml
251 934 286 955 se
305 920 501 954 accederet.
554 919 725 952 Attamen
743 925 779 952 et
798 919 971 952 Imamum
991 921 1169 954 {insanum
1196 932 1272 965 spes
1292 932 1353 952 sua
1374 919 1500 952 fefellit
1518 919 1678 953 omnino:
1707 925 1747 953 ut
1765 920 1860 953 enim

189 984 228 1015 :ul
260 981 433 1016 Paseliam
458 980 607 1013 nuntius
635 986 852 1024 pervenerat
881 993 1020 1017 corum,
1058 995 1150 1027 quae
1186 981 1390 1014 acciderant
1413 981 1506 1014 inter
1534 981 1632 1014 illum
1662 981 1861 1026 principem

190 1050 223 1076 et
255 1043 376 1076 Alium
404 1041 565 1085 Jalija1i13
602 1040 758 1073 habebat
784 1046 904 1073 autem
933 1042 1067 1087 ubique
1109 1043 1345 1088 exploratores
1380 1054 1459 1075 suos
1492 1043 1555 1087 qui
1588 1043 1705 1076 omnia
1733 1048 1860 1076 notatu

188 1106 294 1148 digna
318 1103 362 1135 ad
389 1113 470 1134 eum
498 1100 726 1142 defcrebant3
755 1101 925 1133 Sinanum
950 1103 1047 1135 misit
1074 1104 1223 1136 Saadam
1253 1104 1356 1148 eique
1386 1104 1591 1148 imperavit,
1618 1109 1676 1143 ut,
1704 1103 1862 1138 collectis

190 1165 300 1209 copiis
319 1162 510 1196 Sultanicis
543 1174 634 1207 quae
662 1162 697 1194 in
726 1173 767 1194 ea
794 1162 881 1195 urhe
909 1169 1027 1201 erant,
1058 1170 1094 1196 et
1123 1163 1332 1208 conquisitis
1365 1164 1470 1196 rebus
1493 1165 1662 1198 omnibus
1697 1178 1788 1211 quae
1815 1165 1861 1198 ad

193 1227 261 1257 iter
281 1222 484 1256 faciendum
506 1227 541 1253 et
560 1221 692 1253 bellum
714 1222 750 1254 in
767 1221 888 1255 hostili
907 1222 1049 1267 regione
1072 1224 1266 1267 gerendum
1297 1223 1366 1255 sint
1390 1224 1606 1261 necessaria,
1633 1225 1863 1269 progredere-

190 1293 246 1318 tur
276 1284 444 1317 adversus
472 1281 705 1313 Ahnoumum
734 1287 769 1314 et
799 1282 891 1314 bello
920 1289 1060 1327 peteret
1089 1284 1262 1316 Imamum
1286 1285 1465 1317 Hasanum
1497 1283 1518 1317 f.
1544 1283 1617 1317 Alii
1643 1284 1863 1329 alsMoajjcdi

191 1348 340 1389 ejusque
370 1353 555 1387 sequaces,
582 1342 697 1374 donec
725 1342 888 1375 omnibus
909 1343 987 1387 ejus
1014 1344 1117 1376 terris
1146 1343 1272 1376 fuisset
1297 1344 1442 1388 potitus.
1495 1345 1605 1378 Simul
1631 1357 1775 1390 quoque
1795 1346 1863 1379 Ha-

190 1417 294 1438 sanns
311 1403 445 1437 Pascha
468 1401 667 1436 Lothsallae
689 1402 710 1435 f.
747 1403 994 1441 Mothahheri,
1021 1416 1092 1449 quo
1107 1404 1183 1448 jam
1202 1404 1297 1436 socio
1317 1403 1487 1436 utebatur
1505 1404 1717 1438 amicissimo
1737 1412 1774 1439 et
1794 1406 1862 1439 sibi

193 1464 478 1502 devinctissimo,
504 1462 706 1501 mandavit,
734 1469 775 1496 ut
795 1464 935 1497 rediens
954 1465 991 1497 in
1011 1465 1192 1510 regionem
1209 1464 1426 1503 al-Scharaf,
1454 1463 1646 1497 Ahnoumo
1668 1465 1865 1504 confinem,-

196 1526 425 1559 contraheret
447 1524 496 1557 ibi
514 1524 694 1569 principes
713 1525 826 1558 socios
846 1532 882 1558 ct
910 1538 1080 1572 sequaces
1106 1538 1227 1559 omnes
1253 1532 1289 1559 ct
1308 1537 1388 1558 cum
1406 1526 1465 1558 illo
1483 1525 1621 1569 agmine
1641 1526 1867 1570 progredere-

197 1595 255 1620 tur
267 1594 304 1619 et
322 1598 358 1619 se
371 1588 605 1630 conjungeret
621 1597 701 1618 cum
714 1585 863 1624 Sinano‚
891 1587 1106 1632 simulatque
1127 1587 1185 1619 ille
1209 1587 1246 1618 in
1266 1592 1375 1618 terras
1387 1586 1519 1619 Hasani
1535 1586 1626 1617 infra
1638 1585 1869 1621 Ahnoumum

196 1654 353 1681 montem
379 1647 462 1678 sitas
485 1646 687 1689 irrupisset:
715 1651 756 1678 ut
781 1646 830 1678 sic
852 1646 1054 1689 conjunctis
1085 1646 1219 1679 viribus
1240 1645 1335 1678 hunc
1356 1646 1495 1690 imperii
1525 1645 1722 1679 Otsnianici
1741 1648 1866 1681 adver—

197 1710 326 1744 sarium
355 1708 491 1739 ditione
521 1710 692 1738 exuerent
722 1710 757 1737 et
786 1710 976 1749 potestate.
1028 1706 1277 1739 Discesserunt
1301 1717 1382 1750 crgo
1410 1705 1512 1738 ambo
1540 1706 1716 1750 principes
1743 1708 1867 1742 eodem

199 1771 256 1803 die
283 1770 414 1807 Sanan,
440 1773 594 1812 uterque
623 1766 798 1798 inlocum
818 1778 925 1811 quem
952 1766 1020 1811 ipsi
1043 1765 1180 1799 Pascha
1207 1766 1472 1810 designaverat,
1499 1772 1539 1800 ut
1564 1766 1673 1811 hujus
1699 1779 1868 1814 exseque-

203 1837 326 1864 rentur
340 1830 439 1873 jussa
457 1828 598 1860 fortiter
616 1832 652 1859 et
674 1838 755 1860 cum
776 1839 910 1860 summa
930 1827 1115 1871 diligentia
1134 1833 1170 1860 et
1188 1827 1383 1860 celeritate.

250 1893 406 1925 linamus
426 1889 757 1926 interimllasanus,
775 1888 894 1932 paullo
913 1887 1130 1932 postfoedus
1152 1900 1231 1921 cum
1244 1888 1325 1921 Alio
1335 1888 1440 1934 Jahja
1460 1889 1604 1929 initum,
1632 1890 1784 1924 adhunc
1802 1893 1868 1925 mi-

204 1955 249 1986 sit
269 1953 385 1986 virum
405 1950 561 1983 nobilem
582 1961 601 1982 e
618 1949 761 1994 regione
776 1949 982 1982 Dholeimae
1000 1954 1031 1987 ³,
1059 1949 1344 1987 Emireddinum,
1373 1961 1453 1982 cum
1473 1962 1581 1994 parva
1600 1951 1752 1984 militurn
1762 1962 1869 1985 manu

205 2016 280 2047 sinc
301 2013 385 2045 belli
409 2015 583 2057 apparatu
604 2010 814 2042 necessario.
851 2010 921 2054 Qui
940 2009 1086 2055 quidem
1104 2015 1215 2043 noctu
1236 2022 1317 2043 cum
1338 2010 1392 2043 his
1419 2010 1557 2043 auxiliis
1575 2023 1593 2044 e
1613 2011 1715 2044 terris
1727 2011 1869 2045 Dholei-

206 2086 282 2108 mae
301 2072 484 2118 profectus
506 2072 715 2105 Meswarum
746 2071 842 2103 haud
866 2071 1058 2104 difficulter
1079 2071 1245 2110 intravit,
1280 2072 1332 2104 nil
1354 2072 1423 2104 tale
1444 2071 1672 2116 opinantibus
1692 2072 1854 2106 hostibus
1862 2087 1871 2115 ς

208 2142 244 2168 at
264 2146 348 2168 vero
368 2138 558 2179 postquam
577 2131 661 2166 illuc
680 2137 932 2176 pervenerant,
962 2143 1086 2167 eorum
1110 2132 1240 2178 agendi
1256 2132 1348 2166 ratio
1366 2132 1586 2167 iracundiam
1605 2138 1642 2166 et
1659 2132 1873 2179 indignatio-

1794 2205 1875 2229 nem

260 2280 381 2313 'Mb
411 2282 481 2322 >³¹4-
