2055 2865
930 169 1236 207 ...106—

243 271 396 306 donumss
420 263 516 314 quod
533 264 566 301 ei
586 262 662 301 dari
675 260 832 312 jusserat
849 263 953 301 Alius
974 266 1096 312 Jahja‚
1131 264 1230 312 quod
1257 263 1397 312 accepit
1428 265 1573 303 tandem
1605 268 1819 305 necessitate
1849 280 1928 304 coa-

249 340 345 366 ctus,
372 341 415 363 ne
434 328 605 374 principis
624 328 781 362 animum
798 327 931 373 majore
952 329 1061 363 etiam
1080 327 1227 362 tristitia
1244 326 1412 362 afficeret.

255 416 257 418 -
292 391 514 436 Compositae
535 396 621 425 tunc
640 397 724 424 sunt
743 390 837 424 inter
856 390 934 423 illos
954 389 1022 423 hae
1041 389 1265 423 conditiones
1283 389 1399 433 pacis:
1426 395 1467 423 ut
1487 383 1591 424 Alius
1611 389 1715 437 Jahja
1745 394 1927 427 castellum

245 454 371 487 Tsolae
392 452 542 485 dederet
569 457 605 485 et
636 464 717 485 eum
743 451 922 497 stipendio
953 451 1153 489 Sultanico,
1180 462 1252 496 quo
1279 456 1496 485 sustentaret
1524 451 1708 491 familiam,
1739 454 1868 488 liberos
1893 461 1929 488 et

248 515 417 552 asseclas,
454 518 548 546 esset
579 525 620 546 ex
648 513 859 558 sequacibus
889 512 1028 558 imperii
1056 512 1270 546 Otsmanici:
1306 517 1348 545 ut
1377 512 1514 560 Dhafiri
1544 513 1721 559 Hadjdjae
1756 514 1794 547 in
1822 515 1929 552 urbe,

244 589 416 623 >quorsum
436 577 529 609 bona
548 574 626 618 ejus
646 574 834 608 transferre
854 574 921 619 ipsi
951 574 1093 611 liceret,
1131 585 1254 607 secure
1285 573 1424 607 viveret
1456 579 1624 619 tanquam
1645 574 1750 608 homo
1770 575 1949 620 privatus·

247 641 322 672 sinc
343 637 497 683 regionis
515 641 577 669 aut
597 635 734 668 castelli
755 636 861 668 ullius
882 634 1050 667 dominio.
1102 634 1240 668 Deinde
1269 635 1503 668 constitutum
1533 641 1604 685 est,
1631 641 1672 669 ut
1698 630 1876 681 quidquid
1896 637 1932 668 in

250 698 393 731 castello
414 697 538 730 Tsolae
559 701 652 728 esset
684 700 872 739 apparatus
901 693 1039 731 bellici,
1068 698 1325 727 tormentorum
1352 706 1602 740 armorumque
1632 695 1687 728 uti
1715 701 1752 728 et
1777 695 1934 740 pulveris

249 760 390 796 mitrati,
417 757 573 803 plumbi,
601 756 705 793 ferri,
732 755 812 787 salis
842 760 879 787 et
907 754 1085 798 ejusmodi
1114 766 1249 792 rerum,
1275 755 1314 787 id
1341 767 1444 788 omne
1473 757 1639 790 transiret
1666 756 1711 789 ad
1740 756 1932 790 Paseham:

250 821 383 864 reliqua
403 817 537 853 omnia,
565 815 626 848 sed
646 814 768 860 pabuli
791 821 931 849 tantum
951 821 1077 849 octava
1094 827 1191 860 pars,
1219 815 1535 859 transveherentur
1555 816 1600 848 ad
1631 815 1752 849 Alium
1772 817 1928 861 Jahjam:

253 887 291 913 ut
310 890 412 924 porro
432 877 634 910 Ibrahimus
656 875 765 910 frater
786 877 882 921 ejus,
912 877 1035 910 Tsolae
1046 876 1267 922 praefectus,
1288 881 1325 910 et
1343 875 1525 910 Ahmedes
1543 876 1638 909 filius
1656 876 1733 920 ejus
1757 877 1932 921 stipendio

254 942 458 973 fruerentur
478 937 673 971 Sultanico.
724 938 776 971 De
806 938 1075 972 Dhafirensibus
1105 938 1261 984 denique
1291 943 1345 971 est
1374 937 1578 976 decretum,
1604 944 1646 971 ut
1674 938 1711 971 in
1741 937 1866 971 eodem
1887 950 1937 971 es-

256 1007 334 1034 sent
354 1005 468 1036 statu,
495 1011 566 1044 quo
585 1003 669 1031 ante
691 997 922 1032 rebellionem
942 998 1084 1032 fuerant
1105 1005 1141 1033 et
1169 999 1275 1032 rebus
1305 997 1377 1030 suis
1398 997 1567 1043 deinceps
1585 1004 1791 1037 uterentur,
1817 1011 1937 1045 quem-

252 1060 443 1094 admodum
461 1063 584 1095 antea,
612 1057 678 1090 sub
699 1057 871 1103 obsequio
902 1058 1060 1092 Sultani:
1087 1063 1129 1091 ut
1149 1059 1366 1103 sponderent
1392 1070 1456 1104 pro
1488 1057 1570 1092 Alio
1598 1058 1722 1104 Jahja,
1749 1072 1816 1094 nec
1835 1067 1935 1106 pate-

255 1128 377 1155 rentur
398 1118 493 1152 illius
513 1117 607 1162 apud
625 1129 660 1152 se
684 1117 1013 1157 commorationem,
1040 1119 1069 1152 si
1095 1119 1139 1152 ab
1165 1119 1224 1152 illo
1254 1121 1451 1165 quidquam
1480 1120 1518 1152 in
1546 1124 1728 1163 posterum
1756 1126 1935 1165 ageretur,

255 1181 352 1226 quod
372 1179 416 1212 ad
434 1178 567 1210 bellum
584 1177 784 1211 necessario
804 1177 979 1211 tenderet.
1032 1179 1100 1212 Pro
1120 1179 1389 1213 Dhafirensibus
1408 1179 1553 1212 tandem
1570 1179 1785 1223 sponderent
1805 1182 1938 1216 Ahme-

255 1244 317 1274 <les
347 1240 368 1272 s.
400 1238 654 1272 Mohammedis
685 1244 722 1271 et
749 1238 1031 1272 Abdarrahimus
1060 1239 1082 1272 f.
1112 1240 1396 1274 Abdarrahmani
1417 1266 1424 1278 ,
1457 1240 1521 1286 qui
1556 1239 1628 1273 duo
1665 1241 1844 1286 principes
1863 1268 1871 1281 ,
1909 1243 1937 1274 si

255 1302 452 1348 quidquam
473 1298 579 1332 abiis
602 1304 785 1343 ageretur,
812 1298 909 1343 quod
929 1299 973 1332 ad
1000 1300 1231 1334 rebellionem
1260 1308 1323 1335 aut
1350 1301 1630 1334 inobedientiam
1657 1307 1852 1345 spectaret,
1881 1314 1939 1336 eos

257 1363 379 1397 statim
401 1360 603 1403 conjunctis
624 1359 760 1393 viribus
778 1359 872 1393 hello
899 1360 1189 1405 adgrederentur.
1241 1361 1380 1406 Quibus
1407 1361 1571 1394 omnibus
1601 1362 1804 1396 constitutis
1834 1364 1940 1397 rediit

258 1425 413 1459 Sinanus
433 1421 477 1454 ad
499 1427 614 1455 castra
634 1421 817 1455 Sultanica
837 1433 946 1467 prope
968 1421 1132 1455 Affarum
1149 1428 1186 1455 et
1206 1421 1310 1455 Alius
1338 1422 1444 1468 Jahja
1474 1422 1670 1456 Dhafirum.
1721 1423 1857 1457 Pascha
1878 1437 1939 1458 au·
1971 1457 1975 1461 ,

258 1493 331 1520 teni
351 1490 432 1530 post
451 1494 583 1528 pauc-os
601 1482 677 1517 dies
696 1483 813 1516 omnia
833 1483 921 1515 haec
941 1482 1153 1527 adprobavit
1172 1489 1209 1517 et
1229 1495 1287 1517 eas
1307 1484 1531 1517 conditiones
1551 1482 1679 1516 habuit
1704 1488 1807 1516 ratas.
1857 1485 1939 1518 Pro-

257 1548 345 1582 fecti
373 1557 454 1590 ergo
485 1551 568 1578 sunt
595 1545 775 1589 principes
795 1544 957 1577 nonnulli
986 1544 1231 1584 Dhafirenses,
1258 1546 1320 1591 qui
1349 1545 1424 1579 Alii
1443 1545 1570 1590 Jahjae
1595 1545 1717 1589 juSSU,
1748 1546 1942 1580 secundum

263 1606 487 1642 conditiones
506 1606 620 1648 pacis,
643 1605 779 1638 castelli
799 1606 922 1638 Tsolae
941 1605 1162 1639 deditionem
1183 1612 1367 1645 curarent,
1393 1607 1506 1651 primo
1519 1605 1789 1644 Caucabanum,
1816 1608 1946 1641 deinde

260 1681 341 1704 cum
369 1665 561 1700 Izzeddino
592 1665 837 1698 Mohammede
863 1665 884 1697 f.
913 1666 1045 1698 Hasani
1073 1666 1095 1699 f.
1127 1667 1246 1700 Selahi
1280 1668 1473 1705 al-Hamzi,
1508 1678 1615 1712 quem
1645 1666 1942 1703 Schamseddinus

260 1734 302 1766 iis
322 1728 460 1764 itineris
481 1726 629 1760 dederat
647 1726 831 1765 comitem,
861 1738 980 1760 versus
1012 1727 1150 1760 Tsolam
1170 1733 1207 1760 et
1235 1727 1286 1760 ibi
1307 1740 1387 1762 cum
1408 1728 1634 1762 Defterdario
1654 1729 1841 1774 Mustapha
1861 1737 1943 1764 sunt

263 1790 441 1827 collocuti.
494 1787 661 1832 Exposito
692 1794 811 1821 autem
841 1788 980 1821 itineris
1007 1789 1152 1822 consilio
1183 1795 1219 1822 et
1249 1790 1424 1835 explicato
1455 1801 1572 1823 rerum
1603 1795 1715 1827 statu,
1742 1791 1786 1823 de
1805 1804 1876 1836 quo
1898 1793 1942 1824 ad

262 1851 487 1897 Mustapham
516 1849 688 1882 retulerat
717 1849 855 1883 Pascha
884 1849 1003 1894 paullo
1043 1855 1124 1882 ante
1155 1861 1277 1884 eorum
1314 1851 1506 1885 adventum
1527 1878 1534 1889 ,
1568 1851 1708 1884 veniam
1738 1853 1944 1896 petiverunt

266 1913 433 1960 colle-quii
466 1922 546 1944 cum
575 1911 617 1943 iis
647 1910 709 1955 qui
740 1911 777 1944 in
809 1911 953 1944 castello
983 1910 1106 1944 Tsolae
1137 1910 1409 1949 obsidebantur,
1436 1918 1477 1945 ut
1506 1912 1548 1944 iis
1576 1923 1616 1945 ea
1636 1923 1726 1957 quae
1749 1919 1944 1946 evenerant

267 1975 519 2009 annuntiarent
548 1978 585 2004 et
612 1972 656 2004 de
684 1971 948 2005 conditionibus
977 1972 1118 2016 paucis,
1153 1973 1246 2007 infer
1283 1985 1369 2018 quas
1399 1973 1535 2006 deditio
1566 1972 1659 2005 illius
1689 1968 1823 2005 castelli
1851 1979 1944 2011 erat,

268 2038 460 2071 redderent
488 2033 666 2066 certiores.
718 2033 911 2066 Annuentc
941 2033 1129 2078 Mustapha
1154 2040 1264 2068 noctu
1293 2040 1519 2068 accesserunt
1549 2033 1600 2066 illi
1628 2033 1672 2066 ad
1703 2035 1885 2068 castellum
1908 2042 1944 2069 et

270 2110 393 2132 causas
412 2096 586 2129 adventus
607 2101 865 2139 exposuerunt,
893 2106 963 2139 quo
986 2093 1080 2127 sacto
1102 2095 1235 2129 hortati
1266 2102 1348 2129 sunt
1377 2095 1553 2133 obsessos,
1581 2100 1621 2127 ut
1650 2107 1685 2127 se
1707 2094 1800 2127 intra
1822 2097 1944 2129 castel-

268 2163 339 2193 lnm
369 2159 568 2203 reciperent
597 2163 632 2189 et
662 2156 735 2189 Alii
764 2156 890 2200 Jahjae
918 2155 1065 2193 litteris,
1100 2168 1188 2201 quas
1215 2157 1430 2195 afferebant,
1467 2156 1662 2189 obedirent.
1723 2156 1800 2189 Non
1826 2163 1943 2190 tamen

272 2222 355 2253 illud
378 2219 512 2264 placuit
533 2218 714 2251 Ibrahinio
748 2217 882 2250 castelli
910 2215 1111 2261 praefecto,
1148 2219 1210 2262 qui
1235 2219 1378 2251 monitis
1407 2218 1478 2251 suis
1506 2217 1645 2255 effecit,
1682 2206 1870 2262 Ut.legatis
1890 2230 1944 2250 re-

273 2281 523 2326 sponderetur,
557 2280 740 2313 castellum
770 2278 948 2323 pertinere
980 2278 1023 2311 ad
1052 2290 1126 2316 eos,
1153 2280 1215 2324 qui
1245 2280 1332 2312 illud
1352 2279 1423 2312 huc
1449 2291 1562 2323 usque
1582 2277 1815 2312 defenderant
1844 2284 1878 2311 et
1907 2280 1945 2311 iri

1884 2352 1944 2384 1³0-
