2055 2865
928 110 997 119 ..-
1045 91 1210 125 92·—

236 199 318 233 ergo
336 187 477 220 fidelem
497 198 571 220 sese
589 185 755 230 praebuit
776 183 934 217 Paschae
955 182 1108 215 socium:
1135 193 1231 216 nunc
1252 194 1336 216 vcro
1358 183 1489 227 injusta
1506 184 1665 219 Paschae
1685 198 1767 231 erga
1787 187 1910 223 Alium

234 249 375 293 Jahjam
395 245 522 291 agendi
543 246 634 278 ratio
652 251 688 277 ct
709 243 862 277 foederis
881 243 975 276 illius
993 247 1142 286 ruptura
1170 254 1251 275 eum
1276 243 1417 288 impulit
1443 244 1487 277 ad
1506 245 1716 292 obsequium
1733 249 1911 294 denegan—

233 308 317 341 dum
337 313 373 339 ct
391 307 435 338 ad
456 306 663 339 societatem
684 316 765 338 eum
792 303 950 338 Paschae
978 303 1188 336 adversariis
1215 303 1416 337 ineundam.
1467 305 1604 340 Paucos
1633 320 1716 341 vero
1737 309 1813 342 dies
1829 317 1911 344 ante

233 367 474 400 desectionem
496 366 685 410 scripserat
702 365 747 398 ad
767 365 938 399 Sinanum
958 370 993 397 et
1012 355 1191 397 obtulerat
1210 364 1243 396 ei
1264 364 1357 397 ultro
1376 370 1592 398 tormentum
1609 367 1793 409 bellicum,
1819 384 1910 417 qu0‚

232 428 260 460 si
281 427 407 465 vellet,
434 431 598 460 uteretur
623 426 682 459 ille
710 426 748 459 in
777 425 960 459 Ahnoumi
990 425 1266 470 oppugnatione.
1317 426 1460 458 Miserat
1490 425 1572 458 ideo
1601 427 1751 462 Sinanus
1780 432 1911 466 milites

234 487 424 532 quosdam,
461 488 524 533 qui
552 487 640 520 illud
668 486 713 520 ad
740 499 775 520 se
803 486 1084 520 transveherent.
1144 486 1264 531 Quum
1294 492 1414 520 autem
1443 487 1581 521 interea
1601 499 1664 533 per
1686 489 1759 522 Alii
1782 491 1912 537 Jahjae

231 548 370 580 litteras
391 558 540 581 omnem·
550 547 709 582 Paschae
731 547 959 592 comperisset
977 546 1181 592 perfidiam,
1208 548 1360 591 primum
1387 547 1533 593 quidem
1554 548 1820 585 Gautseddinus
1838 552 1913 587 illos

232 610 363 642 milites
381 609 549 648 retinuit,
576 610 690 643 donec
709 609 834 642 foedus
854 608 992 640 iniisset
1010 619 1091 640 cum
1110 608 1245 641 Imamo
1273 609 1412 642 Hasano
1438 609 1588 656 ejusque
1613 612 1717 645 sociis
1745 613 1914 647 adversus

231 670 423 711 Pascharn3
451 676 527 703 tum
547 682 630 704 vero
649 671 726 703 illos
745 669 861 702 redire
879 667 988 712 jussit
1006 679 1024 700 e
1042 667 1193 712 vestigio
1214 675 1250 701 et
1268 670 1416 703 retinuit
1436 675 1652 704 tormentum
1669 673 1765 717 quod
1791 674 1910 717 paullo

232 736 313 764 ante
340 730 518 764 obtulerat
549 731 688 764 Sinano.
751 728 918 762 Ostendit
943 727 994 760 ita
1018 727 1294 761 infensissimum
1320 731 1470 775 perjurii
1495 732 1738 778 perfidiaeque
1771 734 1909 774 odium,

235 792 350 838 cpiod,
379 803 459 824 cum
478 797 582 824 antea
602 790 736 824 validos
756 794 793 822 et
811 788 933 821 affines
961 789 1074 822 socios
1094 788 1140 821 ob
1160 788 1345 833 pristinam
1364 791 1532 835 injuriam
1551 798 1587 825 et
1606 794 1763 827 Paschae
1784 801 1910 839 poten-

233 853 317 886 tiam
347 851 588 889 deseruisset,
630 861 727 883 nunc
754 850 799 883 ad
824 849 967 882 eosdem
996 849 1099 893 longe
1129 848 1247 881 minus
1281 850 1439 884 valentes
1469 851 1607 897 ipsique
1636 853 1790 887 infensos
1817 857 1912 890 ultro

233 913 384 950 rediret,
412 911 607 945 amicitiam
628 917 664 944 et
684 912 893 944 societatem
912 910 1053 944 Sultani
1072 909 1230 943 libertati
1248 903 1465 956 postponens
1489 913 1556 946 etsi
1582 914 1910 958 periculosissimae.

282 974 429 1006 Praeter
448 972 545 1005 huno
566 972 813 1011 Dhafirenses,
841 971 885 1004 ad
914 983 1003 1016 quos
1029 983 1065 1004 se
1093 978 1278 1016 receperat
1306 972 1410 1006 Alius
1438 973 1561 1019 Jahja,
1601 986 1673 1008 non
1702 975 1913 1012 dubitarunt

234 1035 271 1067 in
290 1034 437 1079 gratiam
457 1033 566 1077 hujus
583 1032 759 1077 Principis
781 1044 876 1065 arma
895 1032 1073 1076 suscipere
1094 1032 1263 1066 adversus
1283 1033 1474 1077 Pascliam3
1500 1035 1586 1068 licet
1605 1035 1780 1071 beneficia
1806 1040 1912 1073 maxi-

236 1108 293 1129 ma
309 1095 353 1127 al)
371 1095 438 1127 hoe
459 1093 682 1137 accepissent
700 1098 736 1125 et
750 1105 815 1138 per
835 1104 916 1126 eum
934 1092 1006 1125 hue
1026 1104 1139 1137 usque
1169 1094 1284 1126 securi
1302 1095 1482 1128 vixissent.
1533 1096 1677 1142 Magnas
1692 1099 1785 1132 enim
1801 1112 1915 1145 quon-

236 1157 316 1190 dam
335 1166 519 1188 aerumnas
538 1152 760 1198 multumque
782 1153 989 1187 detrimenti
1010 1159 1111 1186 erant
1128 1154 1221 1198 passi
1241 1153 1285 1186 ab
1303 1154 1597 1190 Abdarrahmano
1624 1158 1645 1191 s.
1668 1159 1913 1200 Mothahheri,

236 1217 298 1262 qui
328 1216 459 1259 insigni
484 1213 695 1258 flagraverat
726 1214 924 1259 cupiditate
944 1215 1111 1259 potiundi
1135 1215 1275 1248 illarum
1294 1220 1467 1249 terrarum
1484 1222 1520 1249 et
1550 1217 1643 1262 ipsos
1672 1221 1915 1264 opprimendi,

236 1289 303 1310 nec
322 1287 386 1321 per
404 1275 549 1319 longum
571 1279 709 1319 tempus
730 1274 886 1307 desierat
906 1275 1108 1320 saepissime
1129 1275 1166 1308 in
1184 1287 1243 1309 eos
1258 1275 1393 1309 irruere
1413 1289 1607 1324 eorumque
1636 1284 1745 1312 terras
1765 1287 1913 1315 vastare.

238 1339 285 1372 Ut
304 1349 387 1371 vero
404 1335 552 1368 Modaae
569 1335 706 1380 potitus
726 1340 779 1367 est
795 1334 932 1368 Pascha
945 1342 981 1369 et
991 1335 1305 1369 Abdarrahmanus
1324 1349 1387 1381 per
1403 1339 1480 1382 ejus
1499 1339 1692 1372 amicitiam
1705 1346 1740 1373 et
1759 1341 1915 1376 savorem

237 1398 340 1431 terris
360 1397 495 1430 ditatus
516 1402 592 1429 erat
611 1402 647 1429 et
674 1395 717 1429 ad
736 1395 977 1441 Sandjakbegi
1003 1407 1130 1430 munus
1151 1397 1281 1435 elatus,
1318 1403 1393 1431 tum
1418 1398 1563 1443 quidem
1593 1400 1760 1434 acerrime
1786 1408 1822 1435 et
1843 1402 1916 1437 sere

240 1460 285 1493 ad
312 1459 460 1492 exitium
482 1469 595 1503 usque
617 1457 661 1489 ab
681 1457 740 1490 illo
765 1457 960 1502 oppugnati
979 1455 1131 1490 fuerant.
1191 1458 1456 1492 contenderant
1486 1471 1568 1504 ergo
1594 1471 1715 1509 eorum
1741 1463 1919 1508 principes

237 1531 474 1567 proceresque
494 1518 743 1552 Caucabanum
764 1518 809 1551 ad
835 1517 1086 1557 Izzeddinum,
1112 1531 1268 1564 quocum
1299 1519 1478 1553 amicitiae
1501 1525 1536 1553 et
1566 1512 1757 1555 affinitatis.
1776 1523 1924 1558 vinculo

239 1587 339 1614 crant
361 1580 545 1624 conjuncti
565 1585 601 1612 et
628 1579 805 1624 supplices
833 1580 876 1612 ab
897 1580 957 1612 illo
976 1580 1185 1624 petiverunt
1206 1586 1246 1612 ut
1270 1592 1334 1624 pro
1360 1593 1396 1613 se
1425 1581 1666 1615 intercederet
1689 1583 1784 1627 apud
1813 1584 1920 1618 Hasa-

237 1653 324 1675 num
340 1640 532 1674 Pascham:
560 1651 634 1672 sese
653 1651 793 1672 omnem
813 1651 911 1672 suam
930 1639 1112 1683 regionem
1131 1640 1168 1672 in
1189 1640 1327 1673 Sultani
1355 1641 1500 1675 daturos
1526 1643 1726 1676 clientelam
1748 1651 1783 1677 et
1810 1646 1921 1691 impe-

237 1709 314 1736 rata
335 1701 451 1735 omnia
478 1699 651 1737 facturos,
677 1700 782 1732 modo
803 1700 936 1732 securis
962 1699 1084 1732 vivere
1104 1699 1170 1732 sibi
1188 1700 1314 1734 liceret
1333 1707 1370 1734 et
1386 1702 1431 1734 ab
1452 1701 1737 1738 Abdarrahmani
1758 1706 1791 1739 vi
1812 1713 1848 1740 et
1869 1707 1920 1740 in-

241 1763 462 1799 cursionibus
485 1761 583 1793 tutis.
620 1759 717 1804 Quos
743 1772 824 1793 eum
844 1759 1057 1793 Izzcddinus
1078 1761 1226 1794 Sanaam
1241 1761 1394 1795 misisset
1413 1774 1492 1795 eum
1512 1764 1772 1799 intercessionis
1794 1768 1922 1812 episto-

240 1826 290 1863 la,
318 1824 470 1868 benigne
490 1821 631 1866 accepit
649 1820 786 1854 Pascha
804 1826 844 1864 ⁴et
866 1822 1008 1866 cognito
1025 1822 1173 1859 illorum
1184 1829 1281 1856 statu
1300 1824 1459 1857 vestibus
1474 1825 1752 1871 muneribusque
1781 1829 1928 1862 donatisv

241 1885 358 1919 omnia
376 1910 383 1922 ,
418 1894 509 1928 quae
543 1881 586 1914 ab
616 1881 692 1926 ipso
720 1887 954 1926 rogaverant,
989 1882 1155 1915 lubenter
1185 1885 1359 1918 concessit
1421 1886 1522 1919 [acti
1553 1891 1638 1919 tunc
1662 1887 1714 1919 illi
1738 1888 1923 1922 redierunt

239 1947 383 1980 domum
405 1950 440 1977 et
457 1942 572 1976 securi
590 1943 755 1976 vixerunt
775 1942 841 1975 sub
860 1943 1018 1977 Paschae
1038 1944 1170 1977 tutela:
1198 1956 1381 1990 quumque
1404 1946 1574 1990 deinceps
1605 1946 1921 1982 Abdarralunanus

240 2009 371 2041 iterum
391 1992 654 2050 expeditionem
672 2003 840 2037 adversus
860 2015 919 2037 eos
935 2004 1218 2050 praeparavisset
1236 2010 1273 2038 et
1291 2005 1328 2038 in
1357 2017 1398 2039 eo
1416 2012 1570 2056 essetrrpt
1591 2007 1628 2040 in
1648 2007 1787 2042 illorum
1814 2015 1927 2044 terras

241 2070 473 2112 irrumperet,
508 2065 628 2110 adegit
657 2065 757 2097 illum
787 2065 936 2109 epistola
963 2065 1139 2105 Paschae,
1168 2066 1225 2099 cui
1250 2078 1314 2111 per
1337 2067 1565 2101 Dhafirenses
1596 2068 1674 2112 ejus
1702 2070 1924 2114 propositum

241 2130 464 2165 innotuerat,
490 2132 532 2159 ut
557 2126 601 2159 ab
629 2125 723 2158 omni
752 2125 949 2160 hostilitate
971 2127 1168 2161 abstineret
1198 2133 1234 2161 ct
1262 2129 1457 2161 exercitum
1481 2129 1556 2172 jam
1575 2135 1737 2174 paratum
1765 2136 1800 2163 et
1820 2130 1924 2164 rebus

245 2189 406 2223 omnibus
427 2188 643 2222 instructum
662 2187 806 2221 domum
822 2186 1028 2223 dimitteret.
1079 2189 1196 2234 Hujus
1214 2189 1359 2234 quidem
1378 2189 1550 2236 principis
1573 2190 1698 2225 timore
1717 2202 1812 2230 nunc
1836 2191 1924 2233 libe-

1869 2263 1922 2285 1¹3.-
