2055 2865
872 130 1128 167 ...8.-

175 228 284 277 magis
310 225 548 264 increscebat,
574 235 646 271 quo
671 223 786 258 acrius
813 233 953 257 omnem
978 225 1115 256 arceret
1143 220 1405 266 oppressionem
1434 228 1488 262 et,
1523 221 1585 257 ubi
1615 227 1708 256 esset
1729 218 1844 260 facta?

176 292 337 337 puniret,
362 300 506 334 quoque
526 286 627 331 plura
655 282 933 327 ederetgnobilis
963 282 1092 316 indolis
1119 287 1156 315 et
1182 283 1383 327 praeclarae
1411 283 1634 317 liberalitatis
1664 284 1845 317 evidentia

175 351 376 397 specimina.
427 346 599 382 Generosi
619 346 729 379 etiam
748 344 858 378 animi
884 349 922 378 et
950 343 1182 387 benignitatis
1211 344 1289 388 ejus
1316 349 1402 376 tunc
1427 344 1503 387 jam
1519 357 1560 378 ea
1579 345 1648 378 fuit
1668 344 1777 382 fama,
1804 349 1845 376 ut

173 412 295 458 populi
324 410 379 443 sui
405 414 506 453 pater
535 413 572 440 et
600 406 733 440 amicus
761 405 1003 438 nominaretur
1021 415 1041 437 a
1061 403 1221 437 subditis.
1273 404 1438 448 Inprimis
1465 405 1597 438 Sanaae
1623 405 1759 438 incolae
1780 404 1846 449 ipsi

174 473 322 506 maxime
350 469 486 503 addicti
507 467 671 505 fuerunt,
698 478 850 512 quorum
871 466 955 499 urbs
976 477 1040 511 per
1060 465 1139 510 ejus
1166 466 1403 510 praesentiam
1432 466 1602 499 honorem
1629 465 1846 510 adipisceba-

174 540 233 566 tur
262 531 329 576 ipsi
356 530 520 563 debitum
547 533 585 562 et
611 539 674 573 per
703 527 782 572 ejus
808 527 966 571 regimen
994 526 1114 559 statim
1140 525 1268 559 florere
1297 526 1443 572 incepit.
1493 526 1599 560 Omni
1627 526 1723 559 enim
1742 536 1848 570 opera

175 581 249 627 via}
269 592 382 626 tuitus
403 596 457 624 est
476 595 513 623 et
534 588 790 622 mercatoribus
810 587 1046 633 omnibusque
1076 587 1145 620 iter
1173 587 1389 621 facientibus
1417 587 1645 620 securitatem
1671 586 1754 619 dare
1776 592 1848 619 stu-

174 654 272 692 duit,
297 651 394 699 quod
413 651 556 684 omnino
576 650 667 683 bene
687 650 720 683 ei
742 649 856 683 cessit.
908 648 966 681 Ita
993 653 1212 687 mercatura,
1238 649 1470 695 praecipuum
1499 649 1633 681 Sanaae
1663 646 1847 680 fulcimen-

176 722 271 753 tum,
299 713 401 758 cujus
432 711 640 746 exercitium
669 710 732 743 diu
758 708 997 755 praedonibus
1024 708 1265 753 interruptum
1292 710 1366 744 fere
1396 709 1530 747 suerat,
1564 708 1664 742 brevi
1689 714 1846 753 tempore

173 776 218 810 ad
239 775 428 822 pristinum
447 772 555 806 rediit
573 771 775 815 fastigium.
826 769 910 803 Tuti
939 774 976 802 et
1002 768 1118 801 securi
1147 770 1296 802 Sanaam
1324 770 1484 816 undique
1513 769 1685 815 petebant
1716 781 1847 803 merca-

173 843 267 870 tores
296 842 352 874 et,
388 834 417 867 si
441 833 499 867 cui
528 832 619 865 forte
646 831 682 863 in
712 830 840 863 itincre
866 828 963 862 furto
993 834 1055 861 aut
1081 829 1117 861 vi
1145 829 1375 863 mercimonia
1406 830 1559 863 fuissent
1587 836 1710 875 erepta
1728 856 1735 869 ‚
1769 831 1845 876 ipse

171 897 309 931 Pascha
338 896 465 928 horum
493 891 648 937 pretium
673 890 841 923 reddidit.
892 889 955 923 Sui
984 889 1080 922 enim
1115 900 1192 922 esse
1226 889 1417 922 dictitabat
1460 900 1583 921 curare
1600 914 1608 926 ‚
1642 896 1684 930 ut
1713 891 1847 924 subditi

172 965 210 991 et
239 967 362 990 secure
391 960 428 988 ct
457 952 646 998 tranquille
675 951 850 985 viverent.
901 950 960 983 Ita
986 962 1071 984 vero
1100 950 1223 994 paucis
1251 949 1432 982 mensibus
1468 949 1653 982 maximam
1681 949 1848 984 Jemanae

171 1023 309 1063 partem
342 1015 549 1052 nobilitate,
572 1012 715 1057 justitia
744 1017 782 1045 et
810 1011 1046 1048 liberalitate,
1080 1022 1169 1055 quas
1199 1010 1307 1043 animi
1333 1009 1521 1043 facultates
1547 1010 1683 1044 Arabes
1712 1022 1847 1056 semper

171 1090 252 1112 cum
277 1077 410 1110 virtute
442 1076 480 1109 in
508 1075 601 1109 bello
631 1072 774 1107 maximi
804 1071 988 1110 fecerunt,
1020 1070 1088 1104 sihi
1118 1070 1326 1105 devinxerat
1356 1076 1393 1104 ct
1421 1070 1582 1104 subditos
1611 1072 1678 1105 sibi
1713 1072 1847 1107 fecerat

172 1139 303 1172 amicos
319 1143 356 1170 ct
377 1149 485 1182 quam
505 1136 653 1170 maxime
669 1134 821 1169 deditos.

219 1200 293 1234 Nec
312 1198 376 1232 diu
402 1204 482 1243 post
512 1197 721 1231 societatem
749 1201 786 1229 et
810 1194 955 1229 foedera
980 1207 1150 1230 renovare
1177 1196 1316 1231 studuit
1342 1207 1422 1231 cum
1452 1196 1495 1230 iis
1519 1196 1758 1242 principibus,
1784 1197 1846 1243 qui

175 1260 314 1296 Sultani
354 1259 526 1304 irnperio,
563 1257 740 1291 sociorum
770 1262 808 1290 et
837 1257 1031 1291 amicorum
1069 1259 1212 1292 nomine
1230 1284 1237 1297 ‚
1274 1270 1398 1292 revera
1432 1257 1573 1291 fuerant
1602 1270 1622 1291 a
1651 1259 1781 1292 Sinano
1811 1263 1848 1291 et

171 1321 345 1355 Bchramo
367 1320 544 1361 submissi3
571 1319 707 1364 quique
737 1317 826 1350 adeo
856 1318 995 1351 Sultani
1023 1319 1273 1352 auctoritatem
1301 1325 1532 1364 agnoscentes
1561 1319 1744 1364 regionum
1771 1331 1848 1353 sua-

171 1393 251 1416 rum
270 1380 422 1413 liberum
442 1385 633 1412 tenuerant
660 1378 857 1423 imperium.
908 1378 1096 1412 Eminebat
1116 1380 1210 1413 inter
1230 1392 1290 1414 eos
1309 1381 1522 1414 Izzeddinus
1542 1381 1802 1415 Mohammedes
1823 1380 1846 1415 f.

177 1439 448 1478 Schamseddini
468 1439 491 1472 f.
513 1438 639 1472 Imami
666 1438 937 1471 Scharafeddini
964 1439 1129 1484 princeps
1154 1440 1356 1473 Caueabani
1387 1442 1536 1487 ejusque
1566 1442 1738 1487 regionis,
1765 1453 1847 1476 con·

175 1503 307 1537 stantia
326 1508 363 1535 et
382 1500 588 1545 integritate
605 1499 659 1532 uti
678 1504 715 1531 ct
744 1499 864 1543 stirpis
892 1498 1081 1533 nobilitate
1109 1500 1268 1545 inprimis
1297 1501 1519 1546 conspicuus.
1569 1501 1629 1534 Ad
1658 1503 1755 1535 hunc
1780 1503 1849 1547 pri-

171 1577 269 1600 mum
287 1576 407 1597 mense
430 1560 603 1606 Djomada
623 1558 812 1604 posteriori
832 1557 974 1601 (mense
1001 1561 1097 1594 Julio
1118 1562 1201 1594 anni
1224 1561 1336 1606 1581)
1356 1562 1453 1594 misit
1476 1561 1634 1606 legatum
1662 1562 1848 1607 Djafarum

174 1638 254 1660 cum
270 1629 368 1659 veste
389 1622 587 1655 honorifica
606 1620 709 1654 valde
729 1620 885 1664 pretiosa
904 1626 941 1653 et
955 1621 1131 1653 mandatis
1152 1622 1314 1660 excelsis,
1340 1621 1470 1667 quibus
1491 1621 1660 1655 unionem
1681 1623 1847 1668 effiagita-

173 1687 226 1719 vit
256 1685 349 1718 inter
378 1694 460 1716 cum
486 1687 523 1715 et
551 1681 738 1726 imperium
768 1680 1000 1713 Sultanicum.
1060 1680 1265 1714 Admodum
1302 1680 1498 1714 honorifice
1525 1681 1681 1726 legatum
1708 1684 1847 1728 excepit

174 1745 387 1780 Izzeddinus
407 1742 670 1777 Mohammedes
691 1746 728 1774 et
748 1747 847 1774 veste
869 1740 1066 1775 honorifica
1092 1748 1128 1776 et
1147 1755 1240 1789 equo
1268 1742 1487 1776 nobilissimo
1516 1743 1687 1776 donatum
1713 1744 1847 1778 dimisit

172 1819 252 1841 cum
268 1806 417 1843 litteris,
443 1816 506 1850 pcr
526 1815 613 1848 quas
635 1802 781 1835 §.ultano
801 1801 1012 1847 obsequium
1043 1814 1083 1836 ac
1111 1804 1251 1837 Hasano
1280 1803 1438 1838 Paschae
1468 1804 1676 1839 societatem
1704 1810 1740 1838 et
1768 1804 1845 1839 ubi-

173 1879 313 1913 eunque
334 1878 422 1911 opus
444 1870 553 1904 esset,
581 1864 828 1909 adjumentum
849 1868 902 1896 est
918 1863 1108 1908 pollicitus.

221 1929 285 1961 ssis
314 1928 435 1974 itaque
456 1939 498 1959 cx
525 1931 609 1959 voto
639 1929 676 1958 et
707 1924 903 1957 secundum
932 1925 1235 1969 exspectationem
1265 1927 1418 1972 peractis
1448 1927 1659 1961 Caucabano
1688 1939 1846 1973 egressus

174 1989 339 2034 Bjafarus
361 2000 396 2022 se
419 1986 596 2021 convertit
617 1997 697 2018 cum
717 1985 856 2018 duabus
877 1985 1009 2018 Hasani
1040 1986 1198 2030 epistolis
1226 1993 1263 2021 et
1293 1989 1452 2022 vestibus
1479 1988 1683 2022 honorificis
1711 1989 1844 2034 pretio—

173 2050 316 2084 sissimis
336 2050 381 2082 ad
400 2048 578 2095 principes
609 2046 730 2080 Alium
761 2046 902 2092 Jahjam
926 2052 963 2080 et
991 2046 1204 2082 Lothfallam
1225 2054 1237 2070 ²
1255 2075 1263 2088 ,
1289 2055 1331 2083 ut
1361 2050 1529 2084 certiores
1558 2062 1619 2084 eos
1647 2049 1781 2084 faceret
1800 2049 1845 2084 de

1786 2110 1846 2145 ad-

228 2232 240 2248 a
262 2225 312 2257 ως
343 2210 428 2260 ᾤὲἔ
