2055 2865
976 137 1257 173 .-54·-..-.

293 246 495 292 Perjurium
524 245 643 276 autem
667 243 703 273 et
731 234 900 284 perfidia,
925 244 1079 279 quorum
1106 243 1141 266 sc
1167 239 1269 264 rcum
1296 231 1445 262 noverat
1473 226 1669 271 Lothl'alla²
1702 222 1884 262 fecerunt,
1917 224 1965 260 uf

293 319 360 343 nec
389 304 495 339 fidem
520 313 588 336 nec
615 299 822 344 religionem
848 297 885 330 in
912 295 1015 329 hoste
1042 290 1321 338 exspectaverit:
1347 294 1563 335 quapropter
1581 289 1618 322 id
1635 287 1788 333 primum
1812 285 1958 330 petivit,

293 374 337 402 ut
363 366 408 400 ad
435 376 472 399 se
505 361 717 396 accederent
752 359 823 392 duo
851 355 1028 403 principes
1063 352 1355 388 Caucabanenses
1388 349 1551 384 Hasanus
1584 349 1782 394 Ajanius⁸‚
1815 346 1960 380 vem-us

293 426 499 463 Izzeddi11i‚
525 429 562 458 et
582 420 724 458 Walius
746 419 768 453 f.
786 417 960 453 Abdallae
973 442 981 455 ,
1006 413 1223 461 quibuscum
1242 412 1286 446 de
1303 410 1399 446 omni
1419 421 1456 443 re
1486 411 1606 454 ageret
1632 408 1834 454 quibusque
1854 407 1964 445 inter3

292 489 430 525 nuntiis
446 488 540 521 inter
560 497 597 519 se
615 489 652 517 et
668 481 841 517 Pascham
857 483 1029 513 uteretur«
1078 476 1156 509 Hoc
1177 473 1256 519 ejus
1281 472 1499 507 desiderium
1525 467 1713 513 Mustapha
1739 467 1963 501 adnuntiavit

293 549 472 587 Paschae,
499 545 562 592 qui
591 543 713 578 statim
736 554 817 575 cuin
841 539 971 573 litteris
1001 537 1046 571 ad
1075 535 1309 570 Izzeddinum
1336 531 1586 567 Caucahanum
1614 527 1712 561 misit
1731 527 1845 572 Agam
1865 527 1961 560 Sela-

293 613 384 647 hum
403 610 426 644 f.
449 607 589 645 Selimi,
614 604 678 651 qui
698 604 741 637 ab
762 603 820 636 illo
838 604 980 646 peteret
998 596 1039 631 1st
1057 597 1196 630 duobus
1212 594 1281 630 illis
1301 592 1523 640 principibus
1543 589 1684 624 veniam
1703 587 1806 621 daret
1826 587 1962 620 itineris

295 674 341 707 ad
358 669 579 706 Lothfallam.
630 667 754 710 Neque
773 663 809 696 id
828 660 972 706 negavit
993 657 1221 691 Izzeddinus:
1248 657 1310 691 sed
1329 656 1367 689 in
1383 653 1530 700 gratiam
1549 649 1720 696 patruelis
1740 648 1795 682 sui
1814 653 1850 681 et
1870 658 1965 680 emo-

291 736 492 769 lumentum
510 728 651 774 imperii
670 723 868 760 Otsmauici
887 727 1079 764 utrumque
1110 727 1190 750 cum
1214 714 1292 762 Aga
1319 715 1448 750 Selaho
1473 712 1623 747 Sanaam
1641 710 1753 744 misit:
1779 719 1868 754 quos
1887 713 1963 742 tuni

295 789 653 830 honorificentissime
673 790 838 829 exceptos
859 794 941 815 culn
958 778 1127 822 Khoudja
1147 776 1230 811 Alio
1255 777 1299 809 ad
1315 774 1529 810 Lothsallam
1546 772 1679 817 legavit
1696 771 1868 804 Hasanus.

338 856 474 888 Horum
498 848 699 895 principum
727 845 772 878 ad
800 841 1015 877 Lothfauam
1040 839 1216 872 adventus
1243 836 1343 870 illum
1368 835 1482 867 multo
1512 833 1621 866 etiam
1649 832 1759 877 magis
1784 830 1957 863 inclinare

290 916 378 950 fecit
399 913 443 947 ad
463 922 588 957 pacem
606 905 793 954 quibusvis
810 901 1076 937 conditionibus
1098 895 1388 943 componendam.
1439 893 1558 927 Primo
1583 891 1730 937 quidem
1750 891 1808 923 die
1829 890 1885 923 illi·
1899 890 1963 922 soli

292 977 337 1011 ad
359 986 441 1009 eum
462 973 684 1006 accesserant
705 972 813 1011 atque
836 964 887 1002 ei,
913 963 1040 996 harum
1070 971 1189 994 rerum
1215 959 1356 1003 ignare,
1382 954 1580 988 retulerant
1608 939 1786 998 quidquid
1815 951 1963 984 accidis-

293 1044 346 1072 set
367 1043 525 1079 tempore
547 1027 741 1064 obsidionis
762 1023 1000 1060 Dzamarmari
1021 1022 1057 1054 in
1073 1020 1232 1055 Paschae
1253 1017 1534 1052 emolumentum
1554 1020 1591 1048 et
1611 1012 1866 1047 detrimentum
1885 1011 1964 1055 ejus

295 1094 596 1132 adversariorum,
619 1087 924 1130 ostenderuntque
944 1082 1142 1129 potentiam
1161 1079 1380 1115 Sultanicam
1407 1088 1503 1110 nunc
1529 1075 1701 1120 majorem
1729 1073 1837 1107 etiam
1867 1083 1963 1108 esse.

291 1169 398 1206 quam
416 1164 573 1200 unquam
594 1157 699 1184 antea
721 1148 848 1182 fuerat.
898 1145 991 1179 Hinc
1011 1144 1123 1176 altero
1144 1141 1202 1174 die
1225 1139 1408 1172 arcessivit
1429 1149 1510 1171 cum
1533 1136 1601 1169 illis
1617 1134 1822 1179 Khoudjam
1840 1132 1963 1166 Alium

293 1227 329 1255 et
353 1229 435 1252 cum
455 1215 498 1248 iis
520 1219 572 1247 est
593 1211 790 1245 collocutus
819 1208 857 1241 in
886 1203 1124 1240 Dzamarmari
1153 1206 1256 1246 porta
1280 1200 1389 1233 Nasro
1408 1198 1440 1230 ¹³:
1469 1197 1692 1230 conditiones
1713 1201 1800 1228 tunc
1819 1204 1965 1239 quoque

292 1280 393 1327 pacis
422 1278 464 1310 iis
492 1272 694 1320 proposuit,
729 1275 856 1315 petens
884 1273 926 1302 ut
953 1266 1022 1300 sibi
1050 1263 1209 1308 regimen
1235 1258 1474 1295 Dzamarmari
1504 1263 1540 1290 et
1570 1256 1717 1290 ditionis
1743 1266 1826 1288 suae
1851 1253 1965 1286 omnis

289 1338 563 1386 permitteretur
582 1345 623 1366 ex
644 1330 859 1365 auctoritate
880 1326 1021 1362 Sultani
1048 1330 1084 1358 et
1104 1329 1145 1357 ut
1166 1322 1233 1356 sibi
1262 1321 1388 1354 liceret
1419 1324 1497 1353 tuto
1519 1317 1616 1351 adire
1637 1315 1810 1350 Pascham
1830 1319 1867 1347 et
1884 1324 1964 1347 cum

288 1402 351 1436 illo
372 1409 474 1444 agere
492 1395 536 1429 de
558 1394 730 1427 socictate
749 1389 915 1424 ineunda.
967 1387 1063 1432 Quas
1094 1381 1329 1419 conditiones,
1356 1386 1398 1414 ut
1427 1379 1531 1413 Alius
1561 1378 1606 1412 ad
1633 1375 1806 1411 Pascham
1833 1375 1964 1409 retule-

290 1469 364 1500 rat,
391 1460 451 1493 hic
472 1465 615 1503 prorsus
635 1452 779 1499 rejecit:
814 1449 950 1484 nullam
979 1456 1054 1480 esse
1083 1442 1281 1478 Lothsallae
1310 1440 1404 1475 viam
1433 1440 1479 1473 ad
1506 1449 1646 1484 pacem,
1673 1436 1867 1472 affirmans,
1893 1431 1962 1466 nisi

289 1523 494 1559 traderetur
514 1518 552 1551 id
570 1515 755 1551 castellum
774 1510 922 1557 imperio
948 1506 1172 1543 Otsmanico,
1198 1513 1317 1548 neque
1347 1506 1455 1534 antea
1479 1500 1547 1546 ipsi
1566 1503 1689 1544 patere
1718 1503 1883 1529 securum
1901 1493 1967 1528 Sa-

293 1595 383 1618 naac
403 1582 550 1614 aditum.
601 1576 749 1620 Cognita
769 1572 926 1607 Paschae
955 1566 1150 1603 sententia,
1177 1562 1356 1597 Lothsalla
1378 1561 1475 1594 misit
1506 1559 1675 1593 Selahum
1696 1557 1717 1591 f,
1737 1553 1911 1590 Ahmedis
1930 1559 1967 1588 et

296 1643 519 1691 praesectum
545 1636 699 1669 militum
730 1633 890 1666 Belalum
920 1631 1085 1665 Sanaam,
1121 1624 1184 1669 qui
1212 1622 1297 1655 alias
1332 1621 1431 1665 pacis
1468 1619 1691 1653 conditiones
1728 1618 1969 1661 proponerent

294 1706 421 1741 hasce:
449 1706 490 1734 ut
509 1696 797 1743 proficisceretur
817 1690 993 1725 Hoscinus
1014 1687 1035 1720 f.
1055 1684 1214 1720 Paschae
1234 1681 1367 1715 Hasani
1386 1680 1637 1714 Caucabanum
1661 1678 1705 1711 ad
1735 1674 1967 1709 Izzeddinum

412 1773 468 1795 am
487 1759 605 1797 obses3
632 1762 674 1789 ut
695 1755 784 1788 adeo
803 1752 1016 1795 simulatque
1037 1747 1096 1781 ille
1119 1758 1160 1779 eo
1180 1743 1373 1777 advenerat
1392 1741 1593 1774 traderetur
1613 1741 1899 1773 Dzamarmarum
1912 1745 1969 1766 co—

814 1812 931 1846 onmia
949 1822 1011 1844 sua
1033 1807 1100 1841 sibi
1119 1809 1304 1838 manerent
1323 1802 1415 1835 bona
1427 1827 1434 1839 ,
1461 1799 1545 1833 belli
1565 1803 1773 1843 apparatus,
1799 1793 1967 1841 pecunia,

1270 1876 1287 1897 e
1318 1862 1475 1896 Paschae
1507 1859 1707 1893 traderetur
1737 1862 1773 1891 et
1800 1854 1970 1889 condere-

296 1774 407 1810 tanqu

299 1826 366 1873 piis
390 1819 598 1857 Sultauicis:
626 1823 667 1850 ut
688 1826 791 1860 porro

301 1888 535 1922 frumcntmu3
563 1884 691 1912 octava
709 1875 867 1909 omnium
883 1877 983 1917 parte
1005 1873 1170 1912 excepta,
1196 1876 1268 1911 qua

303 1956 361 1983 tur
382 1947 418 1979 in
439 1941 574 1977 castelli
594 1939 740 1972 horreo:
768 1941 809 1968 ut
827 1933 982 1978 denique
1002 1931 1164 1964 Hasanus
1190 1925 1257 1959 sibi
1285 1925 1514 1969 polliceretur
1542 1922 1580 1954 in
1605 1925 1804 1965 posterum,
1830 1920 1969 1961 praeter

297 2018 445 2044 munera
475 2009 511 2037 et
537 2003 708 2035 honores,
734 1995 919 2041 dignitatis
945 1992 1092 2038 gradum
1120 1998 1200 2022 cum
1226 1985 1403 2032 stipendio
1434 1982 1634 2020 Sultanico,
1669 1979 1732 2025 qui
1762 1975 1969 2011 conveniret

300 2067 454 2115 principi
483 2070 518 2098 et
545 2059 715 2107 princ-ipis
743 2057 826 2090 filio.
876 2054 939 2087 llis
970 2049 1235 2086 conditionibus
1264 2047 1392 2080 annuit
1420 2045 1581 2078 Hasanus
1608 2047 1645 2075 et
1671 2040 1773 2073 donis
1803 2034 1967 2083 pretiosis

301 2129 532 2172 vestibusque
554 2119 760 2156 honorificis
787 2118 921 2161 legatos
951 2112 1099 2148 donavit
1129 2117 1166 2144 et
1191 2108 1350 2151 ornavit3
1378 2107 1470 2140 hanc
1490 2111 1609 2140 tamen
1630 2101 1769 2136 addidit
1790 2099 1864 2144 ipse
1886 2107 1966 2129 cou-

1914 2155 1970 2188 di-

353 2293 503 2349 ·524235
535 2310 644 2348 or>-
811 2277 923 2340 1²).an
961 2282 1030 2332 μᾷ,
