2055 2865
809 183 1117 221 —111—

123 279 257 315 rectum
273 276 454 325 quendam
481 275 526 313 ad
545 275 737 325 Haradjam
754 283 768 302 ⁸
797 284 834 313 et
853 279 932 324 ejus
949 280 1048 314 urbis
1078 281 1274 327 regionem,
1301 282 1364 329 qui
1385 294 1425 317 ex
1444 284 1504 318 illo
1526 288 1642 318 tractu
1662 285 1801 331 equites

120 342 338 376 conduceret
357 353 463 387 quam
480 341 650 386 plurimos
670 347 706 376 et
726 353 806 374 curn
835 341 903 374 illis
928 341 1217 385 proficisceretur
1236 343 1281 377 ad
1308 344 1477 378 Selahum
1507 345 1528 378 f.
1558 346 1632 379 Alii
1652 347 1801 393 Moajjc-

120 403 219 436 dium
238 402 450 441 Hasanium,
477 402 673 448 principem
703 401 847 436 Athatri
864 401 898 440 ὓ,
924 401 988 446 qui
1007 402 1187 447 quondam
1208 405 1404 439 exercitum
1435 407 1658 441 Sultanicum
1679 409 1799 443 Omm-

116 464 250 497 Lailam
270 463 493 497 obsidentem
513 463 692 497 continuis
712 463 982 508 impugnaverat
1001 464 1289 506 excursionibus3
1315 478 1494 513 quemque
1505 478 1602 502 nunc
1621 481 1684 514 per
1700 471 1800 505 litte-

122 538 175 559 ras
197 526 409 559 incitaverat
439 529 476 556 et
494 535 536 556 eo
564 524 776 568 perduxerat
796 529 855 562 ut,
882 523 1080 569 irruptione
1102 524 1140 557 in
1160 525 1341 570 regionem
1360 526 1666 565 Khaulanensium
1684 532 1797 571 sacta,

117 591 358 631 corrumperet
378 585 415 616 in
441 596 482 617 ea
503 585 645 628 regione
672 585 851 631 quidquid
878 591 1011 630 posset.
1058 586 1182 631 Neque
1213 586 1387 621 abnuerat
1415 588 1474 622 ille
1505 590 1597 624 hanc
1630 594 1797 629 adversus

114 647 271 682 Paschae
301 645 413 679 socios
434 645 698 690 expeditionem
719 652 756 680 et
776 659 818 680 eo
839 647 1022 681 lubentius
1054 646 1150 680 illam
1167 659 1263 681 nunc
1292 656 1514 694 susceperat,
1540 653 1625 697 quia
1644 654 1797 700 Nedjrae

113 708 268 745 incolae,
306 718 456 752 quorum
485 706 717 742 rebellionem
745 714 781 742 et
811 708 911 742 brevi
941 714 1100 742 secutam
1129 709 1400 744 submissionem
1427 713 1545 757 capite
1565 716 1796 760 praecedenti

112 769 355 814 exposuimUS,
381 767 441 800 illo
472 773 631 813 tempore
659 769 756 803 haud
786 770 896 803 dubie
924 770 1107 815 insurgere
1138 777 1341 815 coeperant.
1391 772 1488 807 Exiit
1517 775 1625 819 igitur
1646 778 1795 813 Selahus

110 832 131 865 f.
164 830 238 864 Alii
268 841 348 863 cum
379 829 553 863 militibus
581 842 671 875 quos
702 832 867 877 colligere
893 832 1014 877 potuit
1045 832 1208 865 omnibus
1246 838 1284 865 et
1313 834 1506 868 auxiliariis
1537 838 1720 881 equitibus
1749 842 1794 874 ab

112 893 247 926 Imamo
265 891 407 924 Hasano
427 890 614 924 conductis
632 897 669 924 et
687 892 731 925 ad
752 893 851 927 illum
869 893 1002 931 missis,
1029 893 1203 938 eregione
1223 905 1286 927 sua
1307 900 1344 927 et
1364 895 1793 943 intraritinopinantibus

110 953 275 987 omnibus
301 951 482 996 regionem
505 951 821 987 Khaulanensium.
873 954 1064 999 Quumque
1084 954 1209 987 incolis
1234 954 1362 988 horum
1390 963 1570 991 tractuum
1587 967 1673 994 nota
1699 970 1793 997 esset

110 1017 187 1061 ejus
208 1013 383 1048 fortitudo
400 1018 436 1046 et
456 1013 531 1058 ipse
550 1014 728 1048 amicitiae
746 1016 890 1049 vinculo
912 1026 992 1048 cum
1013 1014 1110 1048 haud
1128 1015 1250 1059 paucis
1266 1015 1578 1052 Khaulanensibus
1598 1027 1691 1055 esset
1710 1035 1791 1057 con-

108 1079 274 1122 junctus,
300 1074 404 1108 multi
420 1073 465 1107 ad
484 1086 565 1108 eum
587 1073 834 1107 confluxerunt
856 1081 896 1109 ut
914 1075 1107 1120 plurimum
1124 1075 1266 1109 infimae
1285 1078 1501 1112 conditionis
1530 1081 1614 1119 viri,
1641 1095 1791 1127 quorum

107 1139 316 1183 adjumento
331 1148 415 1169 usus
433 1141 485 1168 est
514 1135 550 1167 in
576 1134 827 1179 depraedando
851 1137 936 1171 alias
966 1142 1075 1183 atque
1106 1137 1237 1171 iterum
1254 1137 1341 1171 alias
1358 1140 1529 1183 regiones·
1582 1142 1793 1181 paucissimi

108 1208 229 1233 tamen
246 1211 287 1232 ex
303 1195 536 1230 nobilioribus
558 1195 868 1232 Khaulanensibus
887 1199 920 1232 ei
943 1211 978 1232 se
999 1198 1252 1243 adjunxerant:
1275 1199 1314 1232 in
1333 1206 1455 1244 aperto
1477 1201 1570 1234 enim
1588 1210 1678 1243 erat,
1697 1205 1789 1241 hanc

103 1259 368 1306 expeditionem
387 1269 455 1291 nec
474 1257 653 1303 sapienter
681 1270 756 1292 esse
783 1266 993 1306 conceptam
1018 1272 1085 1294 nec
1113 1271 1195 1294 cum
1223 1260 1372 1294 consilio
1402 1263 1533 1306 peragi.
1585 1264 1790 1303 Destitutus

103 1322 199 1355 enim
234 1326 311 1354 crat
337 1319 485 1353 Selahus
523 1319 676 1358 horreis,
704 1321 903 1367 opibusque
939 1321 1098 1360 carebat,
1135 1321 1231 1354 unde
1263 1333 1344 1354 suos
1376 1328 1594 1357 sustentaret
1625 1332 1660 1358 et
1687 1331 1784 1373 quod

102 1383 293 1416 niaximum
323 1386 393 1419 est,
421 1381 544 1414 deerat
565 1381 631 1425 ipsi
656 1382 832 1415 exercitus
852 1383 973 1416 valens
1002 1388 1042 1415 et
1057 1382 1245 1427 disciplina
1263 1382 1409 1415 militari
1427 1383 1603 1424 imbutus,
1631 1400 1787 1433 quocum

100 1444 242 1476 hostem
269 1442 485 1487 quandoque
516 1442 759 1486 impugnaret,
797 1443 1017 1489 deerantque
1052 1444 1130 1476 loca
1157 1443 1297 1476 munita
1326 1444 1371 1476 ad
1398 1457 1489 1489 quae
1525 1459 1561 1480 se
1590 1450 1784 1495 reciperet,

102 1502 245 1550 rimando
261 1513 324 1546 per
345 1502 540 1535 exercitum
559 1502 800 1542 sanwicum,
827 1516 934 1549 quem
963 1501 1065 1538 brevi
1097 1505 1370 1550 exspectabant,
1408 1507 1648 1551 repelleretur.
1701 1513 1787 1546 Per-

103 1563 284 1610 cipiebant
301 1562 456 1607 denique
477 1562 693 1596 cordatiores
712 1576 832 1598 omncs
861 1577 933 1598 non
962 1566 999 1599 id
1021 1566 1132 1610 egisse
1162 1566 1330 1598 Selahum
1350 1566 1371 1598 f.
1394 1566 1468 1599 Alii
1488 1581 1549 1601 sua
1570 1582 1694 1610 causa,
1722 1575 1785 1608 sed

100 1625 226 1659 Imami
246 1623 378 1657 Hasani
399 1622 495 1655 istud
516 1634 590 1655 esse
614 1624 819 1664 eonsilium,
845 1632 886 1658 ut
907 1626 957 1658 ita
977 1626 1135 1659 hostium
1155 1626 1350 1659 exercitum
1369 1638 1389 1659 a
1407 1639 1442 1660 se
1462 1637 1655 1664 revocaret.

146 1686 251 1720 Haud
279 1685 341 1718 diu
375 1689 456 1729 post
481 1683 626 1717 advenit
653 1686 800 1719 nuntius
830 1686 875 1719 ad
904 1686 1077 1720 Pascliam
1108 1687 1276 1732 irrupisse
1307 1699 1388 1721 cum
1417 1689 1454 1721 in
1485 1695 1614 1725 terram
1636 1694 1784 1730 Sultano

100 1749 232 1781 sociam
252 1752 288 1779 et
306 1746 563 1791 obsequentem
574 1745 724 1790 etlonge
743 1747 886 1794 lateque
899 1749 1017 1793 vagari
1029 1761 1091 1794 per
1102 1749 1283 1794 regionem
1292 1749 1598 1785 Khaulanensium
1610 1760 1650 1787 ut
1667 1758 1784 1790 omnia

97 1813 340 1853 corrumperet
368 1813 429 1840 aut
458 1807 699 1852 praedaretur.
752 1810 881 1843 Statim
911 1822 993 1855 ergo
1029 1822 1140 1844 unum
1169 1822 1188 1844 e
1214 1811 1435 1856 principibus
1454 1838 1461 1850 ‚
1495 1814 1559 1858 qui
1587 1815 1624 1848 in
1656 1819 1783 1851 eastris

96 1869 226 1903 Karani
247 1868 423 1904 al-Waari
445 1875 545 1901 erant
563 1868 600 1901 in
622 1870 766 1913 regione
779 1871 906 1909 Adzri,
927 1872 1048 1905 Alium
1062 1873 1170 1917 jussit
1182 1884 1263 1906 cum
1280 1872 1455 1907 militibus
1473 1875 1604 1920 quibus
1621 1885 1785 1922 praeerat

99 1931 289 1964 Sultanicis
330 1931 494 1964 celeriter
529 1930 707 1974 proficisci
736 1937 772 1964 et
804 1933 897 1964 viam
925 1933 1079 1966 Haidani
1107 1935 1289 1979 sequendo
1315 1935 1447 1971 intrare
1477 1939 1781 1976 Khaulanensium

95 1991 293 2034 regionem3
329 1997 513 2035 praeterea
541 1992 750 2037 Mustaphae
779 1994 961 2038 praefecto
990 1995 1087 2028 urbis
1118 1995 1242 2028 Razihi
1270 1997 1458 2043 imperavit
1488 2007 1529 2034 ut
1551 2004 1675 2036 eodem
1697 2016 1779 2036 eou-

97 2051 260 2084 tendcret
280 2062 342 2095 per
372 2051 475 2084 aliam
496 2052 605 2090 viam,
638 2060 674 2087 et
692 2054 848 2088 Hoseino
869 2054 1051 2100 praefecto
1080 2056 1177 2090 urbis
1196 2058 1328 2092 Saadae
1351 2063 1531 2096 mandarit
1562 2070 1597 2095 ut
1626 2076 1645 2095 a
1667 2065 1780 2098 Suada

1724 2138 1777 2158 111-

149 2226 159 2241 a
178 2219 319 2265 &23:2³5-
338 2237 342 2241 .
587 2223 602 2244 b
621 2223 705 2254 ,skis-
736 2227 766 2252 ct
787 2223 869 2273 ΓΜ.»
903 2224 1046 2253 scribitur
1068 2227 1098 2254 in
1119 2226 1189 2256 Cod.
1210 2228 1271 2256 sine
1292 2229 1409 2265 punctis
1432 2229 1615 2259 diaeriticis:
1635 2231 1772 2271 priorem

610 2258 626 2268 A

93 2301 249 2328 lectionem
268 2300 496 2338 praeferendam
520 2304 598 2332 (luxi.
