2055 2865
891 102 1151 140 ..7-

177 213 258 248 dem
276 217 410 245 sacram
428 202 634 252 properavit
655 201 706 236 ire
726 199 762 235 in
781 199 1004 246 provinciam
1021 208 1124 232 suam
1144 200 1180 231 et
1204 206 1248 230 ex
1267 198 1376 241 portu
1406 190 1569 239 Djoddae
1589 196 1601 215 ³
1628 192 1792 238 pervenit
1820 192 1855 225 iu

178 272 387 309 Tehamam,
411 267 496 303 navi
514 265 681 312 appulsus
702 263 740 297 in
760 261 858 297 Salifi
876 261 892 284 b
916 267 1069 306 portum.

225 333 283 368 Ibi
300 342 412 379 quum
432 328 597 366 advenit,
623 324 792 371 cognovit
810 322 996 356 Moradum
1016 320 1190 355 Pascham
1214 330 1292 354 sese
1321 316 1548 365 praefectura
1572 315 1648 362 jam
1674 313 1858 348 abdicasse

176 406 291 442 eaque
312 389 508 428 successori
527 388 653 423 relicta
678 384 880 431 profectum
904 394 980 416 esse
998 381 1042 415 ab
1068 381 1156 414 urbe
1178 381 1305 414 Taizzo
1326 385 1340 402 c
1357 406 1364 419 ‚
1400 379 1618 414 Pascharum
1642 377 1715 411 huc
1743 387 1857 421 usque

179 456 262 492 sede
276 482 283 495 ‚
308 455 366 488 die
385 454 495 487 altero
510 449 639 484 mensis
656 443 906 480 Dzoulkaadae
929 442 979 486 (a.
999 443 1032 476 d.
1057 442 1101 476 10
1116 441 1321 475 Decembris
1336 440 1445 484 1580)
1468 441 1642 478 Menam,
1663 443 1704 472 ut
1722 448 1858 471 sacram

178 529 221 553 ex
239 522 324 551 voto
358 517 543 560 perageret
571 505 905 556 peregrinationem.
957 504 1103 538 Interea
1131 503 1218 537 dum
1246 501 1466 547 aliquamdiu
1496 500 1594 534 Salifi
1623 498 1859 534 commoraba-

182 586 258 616 tur,
285 574 531 609 confluxerunt
553 571 598 604 ad
617 570 799 603 Hasanum
818 565 993 600 Pascham
1022 565 1200 610 principes
1222 569 1259 597 et
1286 567 1469 606 magnates
1497 561 1657 595 Arabum
1686 574 1727 595 ex
1749 560 1860 594 Teha—

179 650 236 673 ma
254 648 336 671 cum
355 646 478 670 corum
498 632 651 667 subditis
672 635 708 664 et
728 628 870 671 amicis3
898 639 918 661 a
937 626 1068 672 quibus
1099 626 1118 660 J
1123 636 1268 660 emanae
1301 623 1544 657 conditionem
1563 622 1739 655 internam
1758 634 1861 656 accu-

178 699 291 734 ratius
310 697 440 732 didicit
458 705 682 742 quorumque
703 702 871 736 magnum
899 700 1088 722 numerum
1118 686 1291 722 exercitui
1322 696 1386 719 suo
1416 685 1589 730 adjunxit.
1641 683 1698 716 Ibi
1717 695 1861 729 quoque

181 761 301 807 coepit
316 758 481 805 justitiae
503 755 674 791 exercitio
694 759 731 787 et
747 751 963 786 liberalitate
985 762 1047 783 sua
1076 761 1158 794 erga
1188 748 1325 782 Arabes
1347 747 1495 792 gratiam
1525 746 1615 779 inire
1636 755 1862 791 permagnam

182 829 221 858 et
240 822 363 869 populi
384 817 605 866 oppressioni
624 815 853 860 injustaeque
874 811 1002 857 agendi
1021 810 1170 848 rationi,
1198 821 1290 854 quac
1320 808 1456 842 Moradi
1484 808 1674 853 imperium
1704 807 1865 840 odiosum

184 886 336 921 fecerat,
364 893 445 915 cum
462 890 589 923 magno
610 875 769 910 Arabum
789 874 962 919 applausu
991 872 1099 905 finem
1129 871 1308 916 imposuit.
1359 868 1454 902 Hinc
1483 869 1589 914 petiit
1616 869 1801 907 Taizzum,
1828 869 1865 901 in

184 946 288 991 cujus
314 942 412 977 urbis
442 952 540 977 arce,
575 937 708 972 Kahira
726 935 743 959 d
767 936 883 974 dicta,
920 940 1039 979 captos
1061 932 1200 966 invenit
1230 937 1267 965 et
1295 930 1475 964 revinctos
1504 930 1700 975 permultos
1729 929 1868 963 nobiles

186 1006 440 1054 principesque
470 999 648 1036 Arabum,
675 996 797 1041 inopia
818 996 927 1028 fenne
958 1005 1161 1039 oppressos3
1189 1002 1343 1037 quorum
1373 1002 1495 1024 causas
1525 1002 1605 1023 011111
1635 991 1871 1036 inquisiverat

187 1067 347 1115 percepit
367 1064 500 1108 injuste
521 1060 598 1093 illos
617 1058 724 1092 fuisse
744 1057 782 1090 in
801 1056 946 1090 vincula
975 1056 1158 1100 conjectos
1187 1058 1225 1086 et
1253 1051 1389 1085 Mor-adi
1416 1052 1653 1085 diffidentiam
1681 1052 1727 1084 01)
1755 1052 1872 1086 levem

185 1131 311 1174 culpae
333 1123 570 1170 suspicionem
589 1133 648 1154 eos
668 1119 706 1152 in
727 1129 905 1152 carcerem
924 1116 1111 1162 rejecisse,
1138 1126 1291 1162 quomrn
1319 1114 1438 1148 nullus
1468 1113 1672 1148 rebellionis
1693 1119 1769 1147 erat
1790 1125 1871 1148 con—

185 1190 313 1224 victus.
365 1185 493 1221 Statim
514 1195 595 1229 ergo
615 1183 693 1216 illos
714 1192 852 1218 omnes,
879 1178 1032 1214 vinculis
1053 1177 1197 1216 solutis,
1223 1176 1336 1210 libere
1365 1175 1519 1219 dimisit3
1546 1176 1635 1222 quin
1664 1175 1871 1210 muneribus

185 1257 225 1287 et
244 1248 404 1285 vestibus
424 1246 631 1281 honorificis
652 1257 711 1279 eos
733 1242 899 1284 donavit3
926 1240 1022 1275 unde
1044 1239 1178 1273 sactum
1198 1245 1253 1272 est
1270 1243 1311 1272 ut
1331 1248 1454 1272 eorum
1484 1237 1645 1283 plerique
1665 1237 1759 1270 ultro
1778 1237 1873 1283 apud

185 1324 272 1347 eum
289 1316 476 1345 manerent
495 1315 532 1343 et
550 1320 642 1355 equo
662 1305 871 1353 praesertim
891 1307 1071 1337 mererent
1101 1300 1278 1334 lubenter.
1331 1300 1444 1345 Major
1472 1299 1558 1332 111110
1588 1298 1699 1343 ipsius
1718 1299 1873 1332 liberali-

190 1374 274 1409 tatis
295 1379 331 1407 et
346 1372 510 1418 justitiae
532 1371 625 1405 fama
651 1368 811 1402 manavit
840 1377 904 1411 per
934 1375 1073 1398 omnem
1104 1362 1305 1396 Jemanam:
1342 1366 1577 1407 quapropter,
1614 1371 1695 1392 011111
1726 1360 1875 1394 Sanaam

188 1436 250 1470 die
271 1434 315 1471 27
337 1434 533 1478 Djomadae
561 1430 687 1477 prioris
717 1428 801 1461 anni
829 1426 901 1460 989
933 1425 984 1467 (a.
1006 1424 1038 1456 d.
1067 1423 1115 1457 30
1141 1423 1241 1455 Junii
1275 1422 1387 1465 1581)
1419 1420 1607 1465 magnifice
1637 1420 1804 1459 intraret,
1831 1420 1877 1455 al»

189 1498 272 1542 ejus
291 1497 389 1530 urbis
409 1500 445 1527 et
464 1492 618 1536 regionis
638 1489 763 1523 incolis
795 1498 875 1520 cum
904 1497 1039 1519 summo
1070 1484 1204 1517 honore
1225 1487 1261 1515 et
1289 1494 1416 1527 magna
1446 1482 1584 1515 laetitia
1614 1487 1668 1514 est
1696 1488 1873 1527 acceptus.

192 1559 296 1593 Hanc
314 1555 439 1589 urbem
460 1552 599 1597 imperii
618 1550 673 1583 sui
701 1549 821 1582 sedem
841 1548 1059 1580 constituere
1089 1546 1318 1586 decreverat3
1353 1544 1451 1589 quod
1483 1542 1670 1576 consilium
1698 1543 1792 1577 illius
1822 1555 1874 1577 sa-

191 1617 366 1665 pientiam
383 1613 586 1647 luculenter
617 1614 879 1643 commonstrat.
930 1607 1008 1640 Non
1038 1606 1151 1638 solum
1180 1605 1276 1637 0111111
1306 1604 1395 1637 baec
1426 1602 1654 1636 celeberrima
1682 1604 1766 1638 urbs
1795 1605 1877 1639 olim

196 1679 309 1714 omnis
330 1677 498 1711 Jemanac
521 1678 628 1718 caput
648 1671 765 1705 fuerat
795 1675 832 1703 et
863 1668 964 1702 sedes
994 1678 1117 1711 regum
1146 1665 1435 1704 Jemanensium,
1463 1663 1525 1698 sed
1555 1669 1592 1698 et
1622 1664 1690 1698 hoc
1720 1671 1878 1711 tempore

196 1741 354 1788 proxima
383 1742 460 1772 erat
487 1733 692 1780 regionibus
724 1731 900 1766 seditione
932 1728 1117 1764 commotis
1147 1733 1184 1762 et
1213 1728 1309 1762 ultra
1337 1738 1415 1762 eam
1445 1726 1517 1760 huc
1544 1738 1659 1773 usque
1690 1726 1881 1773 imperium

198 1801 421 1838 Sultanicum
440 1798 498 1833 vix
518 1795 760 1830 adscenderat.

247 1864 441 1908 Postquam
462 1872 543 1905 ergo
561 1859 757 1891 intraverat
785 1854 922 1900 regium
951 1852 1141 1899 palatium,
1175 1851 1306 1886 accivit
1335 1850 1380 1885 ad
1410 1862 1446 1885 se
1477 1851 1674 1897 complures
1704 1850 1882 1896 principes

201 1925 377 1963 Arabum,
406 1921 543 1956 Sultani
564 1918 712 1964 imperio
733 1917 958 1951 subditorum
976 1921 1013 1948 et
1030 1914 1218 1948 nobilitate
1240 1919 1302 1947 aut
1322 1912 1432 1959 gloria
1453 1913 1546 1946 inter
1568 1924 1648 1947 suos
1670 1911 1879 1957 insignium,

199 1998 292 2033 quos
328 1983 512 2019 beneficiis
541 1987 576 2015 ct
614 1979 822 2013 muneribus
861 1978 928 2011 sibi
969 1976 1138 2010 devinxit.
1190 1976 1371 2022 Frequens
1402 1975 1453 2009 ita
1482 1974 1650 2008 convenit
1679 1974 1771 2019 apud
1802 1983 1881 2007 eum

205 2047 379 2083 exercitus
406 2051 442 2079 et
471 2042 612 2089 egregia
640 2041 834 2076 satellitum
863 2038 1008 2074 cohorte
1040 2037 1109 2072 fuit
1138 2038 1307 2083 stipatus:
1344 2037 1521 2071 sociorum
1550 2036 1634 2070 item
1655 2045 1821 2068 numerus
1842 2044 1884 2066 00

1816 2106 1886 2128 ma-

263 2226 276 2243 ·
296 2203 387 2252 ᾆ’>.
556 2218 571 2240 ¹>
589 2217 705 2257 01110,
680 2216 727 2254 «1,
900 2219 914 2239 e
934 2206 988 2248 ,ἐκ
1156 2214 1171 2239 <1
1188 2205 1300 2262 19153,
