2055 2865
272 265 387 296 essent
415 244 641 293 durissimae,
679 256 859 289 assensum
882 246 985 293 dare,
1012 266 1075 300 per
1103 254 1285 289 adversam
1314 255 1379 302 ipsi
1407 246 1583 294 fortunam
1620 258 1761 295 omnino
1790 257 1941 307 cogeba-

270 329 336 355 tur.
388 318 438 352 Eo
466 323 551 350 tune
582 321 757 350 venerunt
794 316 938 362 quoque
968 311 1135 361 Rhoudja
1174 315 1276 351 Alius
1313 323 1349 351 et
1384 315 1558 354 Hoseinus
1597 319 1783 367 Jazedji³‚
1818 322 1935 356 scriba

270 378 426 417 Diwa'ni‚
452 378 578 410 missus
599 382 750 422 uterque
771 376 816 410 ab
836 377 996 429 Erisane,
1023 382 1064 411 ut
1082 376 1336 422 jusjurandum
1353 386 1373 412 a
1390 377 1692 426 Tsolaeqffincipe
1714 383 1937 427 acciperent3

268 439 313 474 'ad
334 447 424 485 quos
439 438 562 484 “paullo
582 440 662 483 post
683 437 719 470 in
740 438 893 472 eundem
912 437 1020 471 finem
1045 438 1196 471 accessit
1222 439 1374 473 Sinanus
1405 438 1580 473 exercitus
1608 440 1780 476 Sult'anici
1800 440 1843 475 ad
1864 443 1937 477 Μο-

268 499 616 545 daampraefectus:
644 498 705 544 qui
728 500 798 532 tres
813 497 921 543 legati
940 497 1089 536 deinde,
1116 504 1196 543 post
1217 497 1427 545 praestitum
1448 500 1493 533 ab
1518 498 1600 534 Alio
1629 500 1734 546 Jahja
1754 502 1937 546 jusjuran—

269 563 373 601 dum,
400 554 563 595 Modaam
580 564 662 592 sunt
680 559 831 604 profecti
853 570 1002 605 eamque
1032 562 1254 605 receperunt.
1306 557 1392 605 Ejus
1423 561 1519 594 cives
1550 572 1670 595 omnes
1691 572 1768 596 earn
1787 562 1939 607 relique-

269 629 354 658 runt
369 621 495 655 urbem
511 626 547 654 et
569 631 648 653 eum
668 619 770 653 bonis
792 620 863 654 suis
889 618 1152 653 contenderunt
1181 618 1339 659 Tsolam,
1365 622 1534 668 quoniam
1563 622 1759 669 unicuique
1787 622 1940 656 liberum

266 690 347 718 'erat
377 689 414 717 et
440 682 581 715 licitum
611 681 647 713 in
676 680 762 713 urbe
788 680 903 725 patria
933 687 1115 713 remanere
1142 686 1222 719 aut,
1249 691 1291 715 ea
1317 682 1461 721 relicta,
1498 679 1582 717 alibi
1611 680 1732 717 sedem
1760 694 1943 728 quaerere.

270 745 395 779 Veniit
416 749 503 777 tunc
523 747 649 775 octava
668 752 749 785 pars
774 740 957 788 bonorum·
976 739 1051 791 Alii
1080 739 1226 785 Jahjae,
1252 751 1344 787 quae
1375 740 1522 777 Modaae
1551 742 1827 778 inveniebantur
1848 744 1944 788 eju5.

270 806 341 853 que
361 803 517 850 pretium
536 800 684 846 aequale
708 800 776 833 fuit
796 801 893 834 mille
912 800 1065 834 nummis
1086 801 1220 839 aureis,
1246 812 1336 847 quos
1366 808 1485 836 tamen
1512 803 1673 837 Hasanus
1693 802 1889 838 liberaliter
1909 804 1944 837 ei

271 868 363 900 dono
393 863 503 898 dedit.
555 861 654 894 Tunc
675 872 820 906 quoque
851 860 1063 895 Izzeddinus
1089 859 1187 895 misit
1207 873 1226 895 e
1253 861 1406 895 ducibus
1435 862 1631 907 quendam,
1667 863 1730 908 qui
1761 864 1944 897 castellum

273 927 451 962 Boeorum
472 922 666 967 reciperet3
695 921 797 965 cujus
824 921 909 955 item
939 921 1078 956 incolae
1104 932 1224 956 omnes
1244 932 1325 956 cum
1345 922 1447 956 bonis
1475 922 1548 956 suis
1578 922 1715 957 Tsolam
1737 923 1943 968 petiverunt

270 997 422 1031 eamque
450 983 660 1018 habitarunt
698 981 867 1027 deinceps
893 982 1028 1017 urbem.
1089 982 1176 1019 Cum
1207 990 1326 1018 tamen
1365 982 1425 1016 hic
1455 983 1594 1017 videret
1612 1009 1619 1021 ,
1656 983 1776 1017 Alium
1804 983 1944 1029 Jahjam

272 1057 433 1082 moerore
452 1050 488 1078 et
507 1042 655 1078 tristitia
686 1041 815 1076 confici
845 1048 881 1076 ct
912 1042 1115 1088 saepissime
1144 1043 1306 1089 lacrymis
1335 1043 1393 1077 vix
1421 1049 1636 1088 temperare,
1672 1044 1834 1079 miseruit
1865 1055 1945 1079 euni

272 1106 443 1154 principis
472 1109 508 1138 et
530 1103 671 1148 cognati
699 1103 879 1149 quondam
910 1102 1131 1142 amicissimi,
1164 1110 1200 1138 et
1227 1104 1320 1138 ultro
1351 1101 1385 1137 ei
1415 1103 1573 1137 reddidit
1598 1104 1782 1138 dimidiam
1808 1110 1944 1154 partem

272 1176 447 1202 terrarum
472 1164 653 1203 Meswari,
690 1164 805 1198 Metsli
824 1163 854 1202 ι’,
890 1163 1078 1198 Koradhae
1096 1170 1110 1187 ⁰
1139 1170 1176 1199 et
1203 1165 1313 1202 Laae,
1339 1174 1492 1210 quarum
1512 1164 1549 1198 in
1578 1164 1670 1198 bello
1689 1171 1766 1198 crat
1794 1165 1941 1210 potitus.

272 1231 353 1274 Quo
372 1228 469 1262 facto
488 1219 614 1260 foedus
634 1225 824 1270 antiquum
844 1229 898 1259 est
925 1225 1020 1259 inter
1048 1225 1172 1260 Tsolae
1200 1231 1237 1260 et
1256 1223 1459 1260 Caucabani
1479 1225 1657 1271 principes
1678 1231 1887 1260 renovatum
1909 1222 1946 1260 et

270 1289 449 1323 amicitiae
470 1286 655 1321 vinculum
673 1286 791 1320 denuo
821 1285 1078 1320 confirmatum.
1129 1288 1291 1321 Hasanus
1322 1286 1460 1321 Pascha
1488 1292 1564 1320 tum
1590 1287 1698 1320 etiam
1719 1285 1857 1332 juravit
1887 1283 1946 1320 ed-

260 1362 346 1383 ram
368 1347 532 1382 Ahmede
550 1346 577 1381 ἴ.
594 1345 850 1380 Mohammedis
868 1345 891 1380 f.
914 1347 1088 1386 Hamzae,
1114 1345 1262 1381 Hamzio
1283 1357 1391 1392 quem
1411 1358 1493 1381 eum
1513 1347 1550 1382 in
1570 1348 1678 1382 finem
1707 1345 1811 1381 Alius
1839 1345 1944 1392 Jahja

256 1411 421 1444 *Sanam
439 1408 641 1454 legaverat,
667 1418 704 1441 se
722 1418 847 1452 pacem
868 1412 905 1440 et
926 1406 1134 1441 societatem
1155 1414 1448 1442 conservaturum
1469 1419 1550 1442 cum
1578 1408 1648 1442 fide
1680 1414 1716 1442 et
1747 1407 1946 1442 constantia

259 1478 309 1505 >‘et
327 1469 534 1504 muneribus
561 1468 658 1503 hune
686 1468 844 1513 legatum
870 1468 1012 1502 ornavit
1037 1468 1092 1503 uti
1118 1474 1154 1504 et
1179 1467 1301 1504 Alium
1330 1467 1491 1515 Jahjam:
1523 1478 1614 1514 quae
1649 1465 1793 1503 honoris
1824 1473 1859 1502 et
1878 1459 1945 1512 'se—7

259 1530 416 1570 *cietatis
434 1534 536 1563 erant
557 1526 692 1562 indicia
712 1529 866 1575 publica.

316 1591 488 1624 Dedi‘tum
507 1588 590 1633 ergo
610 1595 665 1622 est
685 1588 870 1621 castellum
889 1588 1016 1622 Modaa
1036 1588 1094 1622 dic
1124 1587 1314 1624 undecimo
1344 1589 1474 1634 mensis
1501 1588 1617 1623 Safari
1636 1590 1719 1622 anni
1740 1589 1807 1623 991
1833 1589 1884 1632 (a.
1908 1579 1941 1624 d

265 1652 317 1685 '25
338 1648 520 1684 Februarii
544 1646 671 1690 1583),
693 1652 730 1680 et
757 1653 885 1681 octavo
906 1647 1038 1681 abhinc
1058 1648 1117 1681 die
1137 1649 1226 1683 illud
1254 1650 1343 1683 adiit
1362 1647 1499 1683 Pascha
1520 1654 1574 1687 et,
1600 1648 1752 1682 ducibus
1772 1649 1943 1695 principi-

272 1712 409 1756 busque
432 1707 608 1741 exercitus
636 1708 691 1741 sui
722 1707 881 1742 vestibus
910 1707 1058 1753 aliisque
1087 1708 1188 1743 donis
1217 1710 1377 1748 donatis,
1412 1708 1576 1743 omnibus
1601 1720 1745 1756 quoque
1771 1704 1945 1743 militibus

270 1769 488 1815 stipendium
515 1766 739 1812 duplicavit:
775 1767 932 1814 denique
961 1769 1028 1802 toti
1057 1769 1230 1804 exercitui
1260 1770 1399 1815 paravit
1432 1770 1577 1815 epulum
1605 1768 1851 1814 magnificum,
1887 1770 1945 1802 cui

271 1831 383 1865 simile
401 1829 539 1863 nullum
558 1838 716 1873 unquam
740 1826 857 1861 suerat
884 1828 1000 1861 visum
1030 1828 1066 1862 in
1095 1828 1243 1863 Jemana
1269 1825 1438 1875 quodque
1467 1834 1548 1863 octo
1577 1825 1653 1862 dies
1672 1829 1859 1862 continuos
1875 1829 1942 1863 du-

273 1893 371 1925 ravit.
422 1890 487 1924 His
516 1887 686 1922 absolutis
714 1887 823 1921 rediit
851 1888 1019 1927 Sanaa1n‚
1054 1894 1244 1934 postquam
1275 1890 1420 1924 castelle
1448 1895 1700 1936 praeposuerat
1719 1887 1940 1934 praefectum

258 1960 353 1986 -emn
372 1949 549 1995 praesidio
569 1947 721 1982 Turcieo
741 1952 868 1993 atque,
890 1948 1079 1993 opificibus
1098 1952 1136 1983 et
1165 1949 1272 1984 fabris
1300 1947 1460 1997 undique
1484 1958 1611 1993 magno
1629 1958 1778 1981 numero
1798 1948 1940 1981 arcessi-

274 2013 333 2050 tis,
360 2012 453 2044 intra
466 2009 714 2043 brevissimum
734 2009 888 2053 spatium
908 2009 997 2044 illud
1017 2010 1193 2047 refecerat
1212 2017 1248 2046 et
1265 2012 1422 2058 pulcrius
1441 2009 1666 2055 firmiusque,
1693 2019 1800 2055 quam
1825 2007 1941 2043 fuerat

272 2077 395 2108 antea,
422 2069 685 2104 restituendum
704 2074 902 2104 curaverat.

1881 2126 1940 2165 Ita

323 2251 334 2266 ²
353 2244 462 2295 25:5¹4
494 2257 621 2295 Qum>-
787 2246 804 2270 ¹³
820 2248 893 2287 ιμ’.
1058 2253 1072 2271 ⁶
1089 2222 1184 2294 ssbljs.
