2055 2865
850 172 1133 211 —65—

152 264 251 312 perti
269 264 427 300 Paschae
448 264 685 299 Jemanenscs.
735 265 824 299 Cum
839 266 934 299 omni
953 265 1039 300 dein
1067 268 1226 303 exercitu
1256 280 1339 309 suo,
1363 268 1505 303 modico
1534 273 1674 305 tantum
1696 273 1827 318 praesi-

156 326 217 366 dio
236 327 273 364 in
303 326 427 366 castris
448 326 497 368 ad⁴
518 326 673 360 Saadam
702 326 849 373 relicto,
876 325 920 358 ad
940 332 1098 359 montem
1120 328 1294 363 Razilium
1325 330 1441 375 ipsum
1468 331 1624 376 perrexit
1654 330 1826 370 Sinanus,

154 393 196 421 ut
214 387 293 433 ejus
308 387 451 421 castella
481 387 675 433 inspiceret
696 393 732 420 et
757 398 899 421 omnem
927 385 1028 419 illum
1054 392 1209 422 tractum
1232 390 1269 423 in
1296 391 1519 427 deditionem
1547 393 1745 437 acciperet:
1774 399 1828 426 est

154 454 275 481 autem
295 448 355 480 ille
373 453 507 494 tractus
536 454 726 481 montanus
755 446 947 480 altissimus
977 447 1088 480 totius
1116 446 1285 481 Jemanae
1316 456 1352 482 et
1377 457 1483 486 notus
1508 453 1554 486 ob
1583 460 1822 499 proventuum

153 519 298 542 suorum
316 509 529 542 suavitatem
548 513 584 540 et
604 507 779 552 insignem
800 506 946 551 copiam.
998 506 1189 552 Quumque
1211 508 1300 541 adeo
1322 509 1359 542 in
1378 512 1542 545 omnibus
1562 515 1640 559 ejus
1671 514 1824 548 castellis

153 568 331 614 praesidia
369 567 592 612 disposuerat
627 572 664 600 et
692 567 868 602 tributum
907 567 1067 601 Paschae
1101 567 1313 602 solvendum
1347 571 1602 612 constituerat,
1636 575 1824 619 praesidiis

153 636 296 673 quoque
326 627 499 672 impositis
523 625 657 663 fissuris
682 629 876 667 montium,
903 627 966 661 ubi
994 628 1081 662 illud
1111 630 1351 665 necessarium
1379 631 1588 672 videbatur,
1617 646 1697 667 cuin
1718 635 1828 679 copiis

152 689 223 722 suis
244 688 351 721 rediit
373 689 523 722 Saadam
538 689 661 736 ibique
683 690 814 723 iterum
836 689 999 723 consedit
1018 689 1190 725 ulteriora
1209 698 1417 737 exspectans
1438 693 1570 726 Hasani
1592 695 1767 728 mandata.

200 749 361 784 Advenit
390 749 520 784 deinde
547 752 697 785 Sanaam
725 762 845 784 mense
877 750 999 784 Safaro
1027 751 1110 784 anni
1137 750 1209 785 992
1238 752 1454 794 (Februario
1478 753 1609 799 1584),
1645 757 1738 790 duce
1768 756 1822 790 Ci-

151 823 273 850 wano,
313 811 515 844 consiliario
533 811 714 857 quondam
744 811 879 845 Moradi
900 811 1078 851 Paschae,
1106 813 1283 846 exercitus
1312 814 1517 848 Sultanicus
1544 817 1671 851 missus
1702 829 1722 851 a
1747 818 1825 852 Sul-

151 879 236 906 tano
266 872 304 905 111
329 872 463 905 Hasani
492 871 693 913 subsidium
722 878 759 905 et
789 885 871 906 cum
898 885 943 906 eo
970 885 1147 906 armorum
1173 879 1209 907 et
1236 873 1388 907 telorum
1417 875 1519 920 copia
1546 875 1690 921 ingens,
1716 884 1757 911 ut
1779 890 1822 912 eo

151 928 279 966 fortius
300 937 483 977 gereretur
510 932 654 966 bellum.
705 933 953 967 Laetissimum
983 934 1072 967 illud
1101 935 1234 967 accidit
1264 932 1441 974 Paschae,
1468 936 1549 981 qui,
1576 950 1647 983 quo
1673 938 1824 973 ulterius

149 1006 188 1027 sc
204 992 420 1027 extendebat
438 993 624 1038 provincia
644 993 887 1032 Jemanensis,
919 1006 961 1027 eo
984 994 1147 1039 pluribus
1178 994 1362 1039 indigebat
1389 996 1577 1035 militibus,
1613 999 1823 1043 praesertim

150 1055 343 1093 extraneis,
370 1053 500 1099 quibus
521 1053 631 1098 magis
652 1058 794 1098 poterat
813 1054 924 1088 fidere
944 1066 1052 1100 quam
1082 1055 1269 1099 indigenis.
1322 1055 1454 1089 Eorum
1481 1063 1557 1090 tum
1585 1058 1743 1092 adventu
1772 1072 1825 1093 re-

148 1127 267 1161 pressa
286 1119 369 1148 sunt
387 1113 610 1159 quorundam
628 1114 832 1159 principum
852 1114 1012 1148 Arabum
1034 1116 1199 1154 consilia,
1227 1128 1269 1149 eo
1291 1116 1494 1157 tendentia,
1521 1124 1562 1151 ut
1583 1119 1721 1153 Sultani
1735 1120 1824 1166 jugo

147 1189 187 1210 se
205 1173 474 1212 subtraherent,
500 1186 652 1220 quorum
681 1175 816 1219 animos
843 1175 1022 1210 Lothsalla
1048 1176 1209 1222 inprimis
1236 1178 1490 1212 stimulaverat.
1539 1179 1641 1213 Nunc
1668 1193 1753 1215 vero
1773 1182 1815 1215 il-

147 1237 263 1270 lorum
281 1234 443 1281 plerique
464 1235 634 1269 viderunt
651 1236 784 1284 frustra
803 1249 839 1271 sc
861 1238 897 1271 id
919 1243 1107 1271 conaturos
1130 1244 1184 1277 et,
1212 1239 1309 1273 aliud
1328 1240 1439 1284 magis
1466 1246 1707 1285 opportunum
1735 1248 1821 1276 tem-

144 1309 210 1343 pus
229 1296 506 1342 exspectandum
527 1309 602 1331 esse
630 1298 713 1337 rati,
741 1299 859 1332 omnia
885 1299 969 1332 belli
1000 1299 1149 1332 consilia
1176 1300 1381 1344 rejecerunt
1410 1306 1447 1333 et
1475 1312 1601 1345 pacem
1626 1307 1764 1336 tantum
1784 1310 1822 1339 et

146 1357 372 1392 concordiam
391 1370 475 1404 prae
503 1371 539 1392 sc
565 1359 740 1393 tuler.unt
791 1360 869 1393 Non
897 1366 1016 1394 tamen
1043 1372 1184 1405 prorsus
1215 1360 1305 1394 haec
1336 1362 1484 1395 consilia
1513 1362 1677 1407 fugerant
1707 1364 1818 1398 Hasa-

141 1431 229 1454 num
248 1419 439 1459 Pascham
466 1420 529 1465 qui
549 1420 638 1453 adeo
659 1420 823 1454 omnibus
842 1421 965 1454 sedulo
992 1421 1215 1472 investigatis
1246 1421 1460 1455 Lothfallam
1489 1423 1533 1456 ad
1561 1436 1597 1457 se
1625 1426 1819 1460 arcessivit

146 1482 338 1526 Quumque
368 1481 426 1513 die
454 1491 549 1512 nono
576 1480 709 1514 Rebiae
733 1481 860 1526 prioris
887 1480 996 1526 hujus
1024 1481 1108 1514 anni
1138 1481 1188 1523 (a.
1209 1481 1241 1514 d.
1266 1480 1309 1514 12
1329 1482 1448 1516 Martii
1471 1483 1585 1529 1584)
1613 1486 1727 1520 Sanaa
1745 1487 1820 1520 Mo-

147 1541 252 1575 daam
269 1540 568 1586 proficiscendum
597 1540 664 1585 ipsi
684 1548 796 1580 esset,
833 1542 941 1587 hujus
970 1542 1068 1576 urbis
1103 1541 1311 1575 invisendae
1340 1544 1471 1587 gratia,
1507 1545 1659 1585 Imrani,
1686 1560 1757 1593 qua
1782 1548 1819 1582 in

143 1602 232 1637 urbe
254 1601 458 1635 convivium
478 1600 547 1633 sibi
564 1601 708 1647 suisque
728 1603 845 1646 parari
862 1603 1036 1647 jusserat,
1064 1601 1219 1646 colloqui
1236 1613 1317 1635 cum
1335 1603 1395 1635 illo
1415 1604 1481 1637 sibi
1501 1608 1686 1650 proposuit
1708 1613 1745 1641 et
1768 1609 1821 1641 in-

145 1664 289 1708 quirere
317 1663 356 1695 in
385 1674 444 1701 ea,
470 1673 563 1707 quae
584 1661 628 1695 de
651 1662 710 1696 illo
740 1663 785 1696 ad
806 1675 841 1696 sc
872 1668 974 1696 crant
1002 1662 1131 1695 delata.
1184 1663 1386 1707 Acceperat
1413 1664 1509 1698 6111111
1538 1667 1675 1700 Pascha
1703 1667 1819 1702 odisse

144 1737 227 1758 eum
247 1729 284 1758 et
304 1724 508 1768 vituperare
530 1734 629 1756 suam
647 1723 844 1768 potentiam
864 1728 900 1756 et
927 1722 1106 1767 scripsisse
1134 1722 1178 1755 ad
1207 1722 1380 1757 Imamum
1408 1725 1589 1760 Hasanum
1620 1728 1819 1774 principem

145 1784 327 1819 Alincumi
339 1811 346 1824 ‚
366 1790 407 1817 ut
418 1795 499 1818 eum
517 1783 646 1816 litteris
665 1785 736 1818 suis
754 1785 799 1817 ad
816 1784 948 1818 bellum
964 1784 1131 1817 adversus
1150 1784 1334 1818 Sultanum
1353 1785 1493 1820 sortiter
1506 1789 1699 1833 gerendum
1719 1789 1817 1823 iden-

145 1846 258 1880 tidem
284 1846 469 1885 incitaret,
496 1846 652 1892 denique
685 1845 831 1879 consilia
851 1846 966 1891 ipsum
996 1845 1118 1878 iniisse
1139 1844 1352 1880 desectionis
1374 1853 1410 1881 et
1429 1849 1632 1884 rebellionis
1654 1850 1821 1884 adversus

144 1907 333 1953 imperium
359 1907 591 1942 Sultanicum.
642 1906 839 1951 Imperavit
869 1918 951 1950 ergo
981 1905 1119 1939 Pascha
1142 1906 1342 1941 Lothfaflae
1370 1915 1411 1942 ut
1430 1904 1550 1944 ‘Tsola
1581 1911 1723 1950 relicta,
1749 1924 1817 1957 qua

144 1966 183 1999 iu
203 1967 290 2000 urbe
308 1967 381 2001 huc
401 1980 512 2013 usque
537 1968 702 2012 degerat,
730 1978 766 1999 se
795 1971 952 1998 verteret
980 1966 1025 1999 ad
1055 1967 1236 2012 regionem
1276 1966 1523 2008 al-Scharafa,
1561 1970 1622 2004 sed
1651 1976 1756 2004 antea
1776 1971 1819 2003 ad

143 2038 182 2059 sc
205 2028 342 2061 veniret
362 2029 561 2066 Imranum,
587 2027 651 2062 ubi
669 2027 707 2059 in
728 2027 856 2060 itincre
875 2038 938 2059 suo
959 2038 1070 2060 unum
1091 2027 1187 2060 diem
1213 2035 1499 2063 commoraretur.
1552 2031 1714 2075 Speravit
1734 2043 1817 2064 vero

145 2087 308 2120 Hasanus
329 2087 411 2120 fieri>
427 2100 549 2133 posse,
576 2093 616 2121 ut
636 2088 761 2132 culpae
782 2087 975 2120 immunem
1003 2087 1227 2133 praedicaret
1255 2089 1356 2123 illum
1382 2090 1597 2135 principcm,
1624 2091 1682 2124 cui
1712 2103 1815 2136 prae-

148 2154 203 2181 ter
232 2148 344 2182 vitam
370 2154 406 2183 et
441 2160 516 2183 rem
550 2149 782 2183 domesticam
809 2148 927 2183 omnia
954 2148 1153 2190 ademerat,
1186 2156 1223 2185 et
1252 2150 1341 2185 adeo
1372 2151 1607 2185 constituerat
1634 2163 1757 2186 aurem
1783 2154 1816 2186 ei

1666 2241 1674 2250 ,
1717 2225 1817 2260 prae-

200 2332 213 2350 ·
231 2328 341 2379 ossus
373 2330 443 2370 0314,
