2055 2865
830 196 1114 231 ...-81--.Ἴ

137 291 223 328 {iem
243 288 318 327 Alii
337 289 465 337 Jahjae
482 290 724 337 maximopere
743 290 875 325 movit:
903 297 1174 336 occupaverunt
1201 293 1296 327 enim
1323 292 1537 341 dignitatem
1559 303 1596 331 et
1614 297 1732 332 locum
1752 298 1818 334 hu-

132 355 195 400 jus
214 353 387 400 principis
407 359 463 393 et,
490 353 654 387 omnibus
676 352 838 387 Meswari
868 352 1092 397 principibus
1123 360 1159 388 et
1178 356 1386 400 proceribus
1405 358 1549 403 spretis,
1575 359 1817 405 principatum

135 415 207 449 sibi
227 420 500 460 arrogaverunt,
526 415 641 449 invito
661 414 745 448 Alio
773 413 899 458 Jahja‚
925 413 990 458 qui
1018 425 1142 447 eorum
1174 417 1377 461 superbiam
1402 421 1690 467 proterviamque
1720 434 1814 456 com-

131 476 289 522 primere
309 488 382 510 non
401 488 509 510 ausus
530 482 601 515 est,
628 487 673 509 ne
693 474 865 508 ulteriore
893 475 1022 509 Imami
1052 476 1231 516 subsidio,
1258 479 1356 524 quod
1386 480 1487 515 brevi
1508 482 1716 518 adfuturum
1736 488 1816 530 spe-'

134 537 252 576 rabat,
279 549 316 571 se
333 549 486 582 suosque
507 538 674 582 privaret.
725 536 870 570 Frustra
890 541 1011 570 tamen
1031 536 1091 571 ille
1112 537 1181 571 alia
1202 541 1422 584 exspectavit
1443 543 1589 577 auxilia:
1616 546 1713 579 misit
1733 547 1812 592 qui-

130 598 214 632 dem
242 598 399 631 Imamus
429 598 596 642 epistolas
615 602 652 631 et
672 597 818 630 nuntios
848 596 892 630 ad
912 597 1049 632 incolas
1070 598 1224 644 regionis
1255 600 1420 634 Meswari
1448 608 1485 635 et
1514 603 1711 649 lIadjdjae,
1747 619 1809 651 per

130 671 218 705 quos
238 659 317 692 illos
336 658 381 693 ab
400 660 561 693 exercitu
581 659 704 693 hostili
720 660 797 705 jam
816 671 1000 705 oppressos
1030 660 1197 694 incitavit
1226 661 1270 695 ad
1298 661 1510 708 obsequium
1529 664 1583 697 sui
1602 671 1639 698 et
1660 666 1810 699 Imama-

129 726 189 755 tus
217 720 272 754 sui
296 720 515 766 agnitionem
536 727 572 755 et
602 721 809 755 sollicitavit
839 734 899 756 eos
929 723 974 757 ad
1004 723 1138 758 bellum
1168 736 1290 758 seeum
1319 726 1515 770 gerendum
1545 726 1716 761 adversus
1743 730 1812 762 Pa-v

127 781 268 825 scham3
296 788 333 816 at
349 794 455 817 nemo
475 795 518 817 ex
539 784 635 817 omni
655 784 716 817 illa
737 783 882 829 regione
909 784 1089 830 amplexus
1120 791 1173 819 est
1205 786 1283 831 ejus
1315 787 1482 826 consilia,
1509 789 1572 822 sed
1603 795 1808 824 constanter

110 844 369 880 adhaeserunt
399 845 567 884 Suhano,
606 845 665 879 cui
691 845 903 891 obsequium
933 853 1035 880 erant
1063 847 1226 893 polliciti.
1277 847 1397 892 Quum
1426 861 1509 894 ergo
1535 850 1654 883 nullus
1680 851 1807 884 harum

128 906 314 950 regionum
332 905 449 938 incola
470 905 597 939 Imami
618 906 751 940 Hasani
782 906 1027 941 sollicitationi
1057 920 1178 942 aurem
1204 909 1397 954 praeberet
1418 915 1454 943 et
1480 910 1636 945 Imamus
1658 912 1732 957 ipse
1750 913 1805 946 ni-

125 967 178 1000 hil
197 967 358 1001 mitteret
381 978 521 1005 eorum,
547 979 640 1013 quae
663 967 783 1012 paullo
810 973 894 1001 ante
921 969 1147 1013 promiserat,
1174 982 1387 1016 magnopere
1410 970 1534 1004 Alium
1554 972 1698 1017 Jahjam
1718 986 1802 1018 poe-

123 1029 237 1063 nituit
255 1028 434 1062 amicitiae
454 1039 534 1062 cum
554 1028 614 1061 illo
633 1028 850 1073 compositae
872 1034 909 1062 et
930 1029 1093 1075 obsequii
1120 1031 1304 1075 praestiti,
1330 1031 1386 1064 uti
1405 1036 1441 1064 et
1461 1031 1656 1066 deditionis
1678 1036 1802 1067 castel-

123 1091 237 1124 lorum
258 1101 410 1124 suorum.
462 1089 547 1122 Sero
566 1094 687 1122 tamen
707 1088 807 1122 venit
836 1088 926 1122 haec
955 1090 1180 1134 poenitentia
1216 1098 1253 1125 et
1281 1091 1526 1126 acerbissimos
1556 1093 1634 1137 ejus
1668 1095 1802 1139 impru-

121 1152 245 1185 dentia
262 1151 346 1185 tulit
361 1151 518 1184 fructus:
544 1162 697 1195 quorum
712 1150 846 1195 primus
867 1156 944 1184 erat
961 1150 1119 1185 defectio
1140 1157 1177 1186 et
1194 1152 1430 1198 transfugium
1449 1154 1622 1199 patruelis
1643 1160 1678 1187 et
1699 1167 1801 1199 prat·-

126 1212 213 1247 fecti
235 1213 312 1258 ejus
331 1211 586 1246 Mohammedis
608 1211 629 1245 f.
649 1211 766 1245 Hadii.

165 1273 294 1306 -Paullo
313 1271 460 1318 quidem
478 1278 561 1306 ante
583 1272 651 1306 hoc
669 1272 965 1309 infaustissimum
984 1275 1117 1309 bellum
1132 1275 1313 1310 acciderat
1333 1276 1427 1310 inter
1448 1276 1524 1310 illos
1555 1278 1738 1311 contentio
1760 1285 1796 1312 et

119 1333 325 1373 dissidium,
363 1339 480 1368 ortum
509 1347 550 1368 ex
579 1333 759 1368 delatione
788 1335 893 1367 amici
923 1336 1111 1380 cujusdam
1136 1335 1211 1369 Alii
1242 1335 1369 1381 Jahjae
1387 1362 1394 1375 ‚
1430 1340 1493 1382 qui
1524 1336 1567 1370 ad
1597 1337 1798 1382 principem

117 1394 290 1429 retulerat
308 1393 591 1428 Mohammedem
619 1394 642 1428 f.
662 1394 771 1428 Hadii
798 1395 907 1439 potiri
936 1395 1027 1429 velle
1057 1396 1228 1430 Meswaro
1268 1402 1305 1430 et
1334 1397 1414 1441 ejus
1443 1396 1578 1430 castelli
1614 1397 1798 1432 dominum

107 1466 153 1489 se
183 1456 420 1494 constituere,
448 1455 508 1488 cui
532 1455 635 1488 Alius
656 1455 763 1499 Jahja
787 1467 869 1488 eum
890 1455 1130 1500 praefecerat:
1168 1462 1204 1490 et
1229 1468 1354 1490 revera
1381 1457 1583 1491 istiusmodi
1613 1460 1701 1504 quid
1733 1461 1800 1493 sibi

119 1519 354 1561 proposuerat
374 1514 653 1554 Mohammedes,
680 1515 742 1548 sed
768 1515 887 1549 adhuc
918 1528 1109 1562 parumper
1140 1517 1275 1551 fecerat
1302 1518 1345 1552 ad
1376 1518 1607 1552 rebellionem
1638 1527 1803 1565 spectans

116 1582 153 1609 et
174 1576 325 1621 plurima
345 1575 513 1609 delatoris
541 1575 674 1608 indicia
700 1582 801 1609 erant
829 1576 914 1609 ficta
942 1577 1111 1621 falsaque.
1163 1579 1266 1612 Alius
1288 1585 1408 1612 tamen
1426 1580 1532 1624 Jahja
1552 1585 1627 1612 tum
1648 1592 1667 1612 e
1688 1582 1795 1613 vcsti-

116 1638 172 1682 gio
193 1637 268 1682 ipse
287 1637 498 1670 Meswarum
518 1648 554 1669 se
575 1642 801 1669 converterat
822 1642 858 1669 et
879 1637 929 1669 ibi
955 1638 1175 1682 aliquamdiu
1198 1645 1450 1677 commoratus,
1477 1651 1558 1672 cum
1580 1639 1795 1674 Mohamme-

114 1698 172 1736 di,
203 1709 310 1743 quem
337 1708 461 1742 parum
492 1703 628 1731 sontem
650 1702 888 1742 compererat,
915 1698 1143 1742 praefectura
1173 1699 1397 1738 confirmata,
1420 1700 1496 1745 jam
1517 1700 1553 1733 in
1575 1712 1617 1734 eo
1637 1709 1729 1735 esset
1751 1710 1792 1737 ut

115 1764 356 1793 reverteretur
388 1758 546 1797 Tsolam,
580 1770 644 1804 per
673 1758 896 1791 subitaneam
927 1759 1105 1792 exercitus
1135 1761 1310 1794 Sultaniei
1332 1761 1568 1806 irruptionem
1597 1763 1792 1809 impeditus

105 1826 207 1858 erat,
233 1831 303 1865 quo
322 1820 438 1853 minus
461 1819 505 1853 ad
532 1820 653 1853 sedem
680 1831 779 1852 suam
807 1831 843 1853 se
873 1819 1050 1865 reciperet
1077 1831 1226 1866 eamque
1253 1821 1466 1856 defenderet
1491 1822 1536 1856 ab
1564 1823 1721 1858 hostium
1751 1827 1787 1859 vi

110 1887 146 1914 et
174 1880 446 1926 expugnatione.
507 1881 657 1915 Veteres
686 1881 856 1925 deinceps
881 1881 1080 1914 simultates
1119 1887 1351 1928 veteremque
1384 1883 1496 1917 rixam
1525 1885 1786 1931 redintegravit

110 1942 212 1975 Alius
238 1942 345 1987 Jahja
378 1954 441 1988 per
468 1942 593 1976 Tsolae
619 1940 842 1975 deditionem
863 1940 996 1974 ferocia
1022 1942 1168 1986 plenus,
1198 1949 1235 1977 et
1263 1944 1484 1989 ineptissime
1513 1957 1610 1981 nunc
1648 1959 1683 1981 se
1706 1961 1782 1993 ges-

107 2003 155 2035 sit
181 2002 240 2036 ille
266 2003 449 2048 princeps,
475 2003 767 2048 quandoquidem
792 2001 853 2035 isti
883 2002 959 2035 viro
986 2004 1182 2037 exercitum
1207 2016 1311 2038 suum
1347 2006 1559 2041 crediderit.
1598 2008 1655 2040 cui
1687 2009 1780 2042 diffi-

107 2062 253 2097 dentiae
283 2075 366 2096 suae
386 2068 519 2107 ‘aperta
546 2062 697 2096 dederat
722 2062 935 2096 testimonia.
986 2064 1072 2097 Post
1101 2063 1226 2099 foedus
1256 2078 1339 2101 vcro
1367 2079 1449 2101 cum
1479 2068 1613 2101 Imamo
1637 2069 1779 2103 llasano

107 2124 236 2157 initum
259 2129 296 2156 et
323 2122 535 2168 obsequium
562 2123 614 2156 illi
642 2123 797 2168 principi
824 2124 1036 2168 praestitum
1063 2125 1358 2173 deditionemque
1390 2129 1614 2161 castellorum
1635 2141 1778 2163 suorum

100 2185 213 2230 petiit
233 2184 335 2217 Alius
355 2183 461 2229 Jahja
482 2196 501 2218 a
531 2184 693 2230 patruele
717 2196 799 2223 suo,
826 2190 866 2218 ut
887 2197 1006 2219 secum
1035 2187 1214 2221 Hasanum
1236 2195 1442 2233 agnosceret
1462 2190 1653 2227 Imamum,
1679 2191 1777 2235 quod

106 2245 286 2280 recusavit
306 2245 364 2278 ille
383 2251 420 2278 et
439 2246 582 2279 omnino
597 2245 796 2279 detestatus
816 2251 878 2279 est.
930 2246 1059 2280 Contra
1090 2248 1134 2281 <lc
1166 2249 1362 2293 transfugio
1389 2249 1433 2282 ad
1453 2250 1639 2294 imperium
1661 2252 1777 2285 Sulta-

100 2306 224 2341 uicum
244 2317 348 2351 agere
368 2306 487 2352 coepit
508 2312 544 2341 et
566 2306 766 2341 clanculum
786 2307 831 2342 ad
851 2307 1022 2341 pascham
1053 2309 1212 2353 scripsit,
1240 2309 1462 2345 internuntio
1490 2322 1574 2344 usus
1594 2311 1690 2345 illius
1707 2313 1774 2345 mi-

1124 2367 1150 2402 L
1735 2374 1773 2407 li-
