2055 2865
852 127 1136 161 *34—

166 231 326 272 puratum
365 235 399 258 se
430 224 552 257 dicens
583 221 628 255 ad
658 221 727 253 iter
755 217 976 260 faciendum3
1012 217 1127 251 donec
1155 215 1299 250 tandem
1327 219 1455 254 iterata
1480 221 1639 255 Paschae
1669 221 1841 256 mandata·

172 299 253 320 eum
275 283 455 328 coegerint
476 281 628 314 omnino.
680 279 834 312 Conatus
855 278 1002 324 quidem
1022 283 1106 310 tunc
1129 276 1238 310 ctiam
1258 283 1313 311 est
1333 279 1481 322 prodere
1500 282 1618 326 copias
1639 281 1839 315 Sultanicas

170 353 205 379 et
225 356 287 389 per
307 343 470 374 iteratam
488 339 675 385 perfidiam
696 339 840 372 castello
862 338 922 371 illo
940 337 1067 383 potiri,
1096 337 1359 382 plurimumque
1380 337 1586 373 sollicitavit
1603 340 1681 385 ejus
1699 341 1834 374 incola-

171 416 250 437 rum
271 402 420 439 animos,
448 400 510 435 sed
529 400 637 435 fidem
654 412 726 433 non
746 399 903 438 invenit,
929 410 974 431 ne
995 396 1089 442 apud
1108 396 1239 429 milites
1255 408 1335 429 suos
1354 396 1519 441 quidem,
1546 403 1583 432 et
1601 409 1682 432 cum
1710 401 1838 435 Selaho

173 464 306 497 invitus
324 463 494 497 Meswaro
513 462 600 495 exiit
618 462 789 507 venitque
818 460 862 495 ad
882 458 1147 495 Defterdarium
1167 457 1391 503 Mustapham
1410 457 1469 492 die
1497 457 1543 493 28
1566 458 1841 505 Dzoulhidjdjae

173 527 225 566 (a.
247 525 279 558 d.
304 523 349 559 22
371 523 537 558 Decemb.
563 522 686 567 1584).
1499 527 1502 529 ’

223 586 302 631 Quo
321 585 379 619 die
401 589 521 618 autem
539 583 751 618 Meswarum
768 595 788 617 a
808 582 919 628 copiis
937 581 1129 616 Sultanicis
1145 580 1405 627 recipiebatur,
1433 582 1583 616 accessit
1602 580 1646 616 ad
1664 583 1846 618 Hasanum

171 647 347 682 Pascham
366 645 588 679 consiliarius
617 644 794 678 Hoseinus
826 642 981 686 Jazedji,
1006 642 1144 685 legatus
1175 652 1195 673 a
1218 642 1362 676 Morado
1392 642 1414 675 f.
1443 641 1564 676 Selimi
1585 646 1621 675 et
1648 642 1757 688 hujus
1776 654 1842 676 no-

173 708 267 741 mine
287 706 453 739 laudibus
474 704 657 738 cumulans
677 702 851 736 Pascham
866 706 1012 745 propter
1027 711 1169 744 magnas
1189 699 1283 732 illius
1301 701 1468 735 victorias
1487 708 1524 735 et
1544 707 1597 735 tot
1618 703 1842 737 castellorum

172 776 209 803 et
236 769 422 812 regionum
452 763 767 810 expugnationem,
794 766 883 806 quot
910 760 1028 793 nullus
1056 765 1139 792 ante
1169 771 1251 792 eum
1275 759 1443 795 Jemanae
1473 763 1609 796 Pascha
1637 764 1674 797 in
1704 765 1845 798 Sultani

173 830 360 873 redegerat
378 831 602 872 potestatem.
654 822 756 856 Idem
777 828 862 855 tunc
883 822 1063 854 Hasanum
1090 820 1231 855 ornavit
1258 826 1356 853 Veste
1382 821 1578 855 honorifica
1605 824 1786 859 Sultanica
1806 832 1846 860 et

170 892 211 924 in
241 891 410 922 honorem
436 883 620 918 Izzeddini
650 888 686 916 et
714 881 999 915 Abdariahmarli
1028 880 1050 914 f.
1076 879 1319 916 Mothahheri,
1353 891 1505 924 quorum
1526 885 1677 927 uterque
1700 883 1776 927 jam
1793 884 1846 916 in-

174 950 346 985 terierat,
384 950 520 979 vestem
550 942 784 976 honorificam
826 941 974 974 adduxit
1005 946 1041 974 et
1071 941 1226 986 gladium
1256 940 1536 979 ornatissimmn‚
1572 955 1663 988 quae
1701 955 1847 977 munera

173 1009 343 1052 (ξω-ωερε
372 1018 392 1038 a
419 1004 556 1038 Pascha
575 1014 698 1036 eorum
718 1002 800 1035 filiis
817 1007 898 1035 sunt
918 1001 1049 1034 tradita
1079 1007 1248 1050 tanquam
1277 1002 1362 1037 fidei
1390 1007 1560 1047 paternae
1583 1004 1784 1038 testimonia
1810 1010 1848 1039 et

174 1067 306 1101 favoris
326 1064 502 1098 Sultanici
521 1064 559 1096 in
576 1062 764 1108 utriusque
785 1068 923 1107 patrem
941 1063 1085 1096 indicia.

221 1126 350 1160 Paucis
375 1131 496 1157 autem
513 1122 640 1156 diebus
657 1129 739 1156 ante
761 1124 921 1157 Meswari
942 1123 1164 1157 deditionem
1190 1131 1463 1169 praeparaverat
1488 1137 1526 1159 se
1551 1125 1688 1159 Pascha
1708 1125 1753 1160 ad
1779 1127 1850 1160 iter·

174 1186 382 1221 faciendum
402 1196 523 1218 versus
545 1182 849 1223 Beit-Odzakam,
876 1190 919 1218 ut
937 1184 1056 1229 copias
1077 1196 1157 1218 suas
1177 1184 1228 1217 ibi
1247 1184 1418 1217 Meswaro
1447 1185 1626 1228 oppositas
1653 1187 1848 1231 inspiceret

171 1254 207 1280 et
236 1246 319 1278 inde
351 1245 490 1277 Tsolam
518 1255 706 1276 conversus
736 1248 851 1275 castra
880 1243 1051 1277 inviseret
1074 1245 1118 1278 ad
1147 1244 1225 1289 ejus
1253 1244 1436 1277 castellum
1460 1243 1586 1288 posita.
1637 1245 1743 1289 Quod
1762 1257 1844 1279 cuin

172 1307 391 1340 innotuisset
428 1304 709 1338 Schamseddino
741 1303 897 1336 Ahmcdi
925 1303 946 1336 s.
973 1304 1246 1343 Mohammedis,
1279 1305 1412 1337 litteris
1442 1304 1487 1337 ad
1516 1305 1697 1338 Hasanum
1733 1305 1844 1344 datis,

172 1366 348 1403 Ostendit,
384 1365 476 1398 nihil
504 1365 571 1398 sibi
599 1364 801 1410 exoptatius
831 1363 926 1403 sore,
955 1376 1063 1409 quam
1093 1364 1252 1398 Paschae
1282 1365 1351 1397 iter
1377 1364 1422 1396 ad
1451 1376 1487 1396 se
1515 1364 1782 1399 Caucabanum:
1810 1372 1847 1400 et

174 1434 363 1473 }5›1·‹1)pte1'ea
385 1426 543 1471 legatum
572 1426 720 1458 Sanaam
740 1424 854 1463 misit,
881 1425 943 1470 qui
966 1425 1144 1458 sincerum
1171 1435 1327 1457 amorem
1355 1429 1391 1457 et
1419 1424 1613 1457 amicitiam
1640 1425 1852 1459 Schamsed-

175 1490 253 1522 <imi
276 1486 583 1522 commemorando
607 1491 643 1519 ct
663 1486 740 1529 ejus
758 1485 867 1518 animi
889 1485 1145 1530 gratitudinem
1165 1485 1210 1518 ob
1227 1484 1403 1518 beneficia
1424 1490 1572 1530 accepta
1589 1485 1767 1519 laudando
1779 1485 1851 1519 sor-

176 1553 261 1584 titer
288 1553 433 1594 urgeret
463 1547 531 1581 hoc
563 1547 720 1592 Paschae
751 1546 828 1579 iter.
889 1546 1070 1580 Lubenter
1099 1545 1384 1591 ejusydesiderio
1415 1546 1589 1580 satisfecit
1623 1547 1785 1580 Hasanus
1814 1552 1857 1580 et,

175 1615 256 1656 post
275 1608 461 1641 meridiem
489 1607 561 1639 diei
590 1605 637 1639 24
662 1605 959 1649 Dzoulhidjdjae‚
996 1606 1059 1650 qui
1088 1611 1165 1638 crat
1193 1605 1270 1638 dies
1298 1604 1415 1644 Jovis,
1443 1606 1512 1648 (18
1536 1606 1595 1639 die
1619 1606 1848 1650 Decembris)

174 1667 322 1713 reliquit
344 1667 493 1699 Sanaam
513 1677 594 1698 cum
620 1663 831 1709 propinquis
855 1669 892 1696 et
911 1664 1136 1709 principibus
1165 1665 1295 1698 exteris
1316 1669 1353 1697 et
1380 1664 1560 1698 Arabibus
1580 1665 1762 1705 omnibus,
1787 1666 1853 1712 qui

176 1731 210 1762 ei
239 1740 274 1761 se
308 1725 544 1759 submiserant
578 1729 614 1757 et
643 1724 711 1756 iter
745 1722 831 1756 fecit
858 1723 918 1757 illo
950 1725 1008 1758 die
1038 1731 1074 1758 ct
1104 1730 1210 1758 nocte
1245 1724 1319 1758 diei
1346 1723 1495 1757 Veneris
1515 1749 1523 1762 ‚
1569 1724 1684 1758 donec
1712 1727 1855 1759 venerit

176 1790 222 1822 ad
251 1785 469 1822 Mankabum
487 1791 517 1817 ³:
549 1784 646 1830 quod
676 1790 718 1817 ut
751 1785 957 1819 nuntiatum
984 1792 1038 1819 cst
1068 1784 1366 1823 Schamseddino,
1393 1785 1513 1817 statim
1539 1784 1598 1818 hic
1626 1786 1767 1819 Hasano
1787 1786 1850 1819 ob-

177 1851 274 1884 viam
293 1849 337 1882 iit
358 1858 439 1881 cum
470 1846 574 1879 sociis
599 1845 823 1890 patruelibus
853 1851 890 1879 et
919 1847 1078 1880 exercitu
1105 1858 1168 1880 suo
1199 1846 1304 1891 eique
1336 1845 1492 1879 occurrit
1519 1857 1630 1890 prope
1659 1847 1854 1892 Hedjrum-

180 1911 267 1946 Sa'i'd
284 1910 318 1948 b,
346 1921 387 1942 ex
406 1907 508 1941 terris
530 1907 738 1940 Hamadani.
790 1907 996 1940 Honorifice
1016 1913 1102 1940 tunc
1123 1918 1205 1940 eum
1224 1906 1365 1951 excepit
1383 1907 1520 1955 Pascha
1542 1919 1694 1953 eumque
1712 1907 1854 1942 ornavit

179 1972 282 2006 donis
300 1969 468 2016 egregiis:
495 1969 674 2014 patrueles
693 1980 836 2014 quoquc
860 1967 1151 2007 Schainseddini,
1172 1967 1449 2001 Mothahherum
1468 1967 1489 2000 f.
1512 1967 1632 2001 Selahi
1660 1967 1682 2000 f.
1705 1968 1857 2001 Scham*

177 2032 319 2068 seddim
338 2037 375 2065 et
392 2030 708 2076 Djemaleddinum
735 2028 1020 2064 Moliammedem
1049 2028 1071 2074 i'.
1094 2028 1299 2068 Imeddini,
1329 2033 1436 2073 atque
1457 2027 1624 2063 Vesirum
1643 2028 1856 2063 Schamsed*

1799 2089 1860 2125 di-

234 2211 245 2227 ὃ
264 2206 394 2247 sawt
557 2207 573 2230 θ
589 2213 681 2248 o—aerw
702 2216 813 2255 febe„
