2055 2865
286 239 949 300 HISTORIA
1052 240 1662 307 JEMANAE

919 394 1026 421 3158

464 509 924 565 HASANO
1016 513 1484 567 PASCHA.

690 839 1263 877 INTRODUCTIO.

129 941 312 999 Seculum
333 973 436 997 aerae
456 962 633 997 Arabicae
662 961 842 997 decimum
872 964 910 997 in
935 964 1086 998 historia
1107 963 1275 999 Jemanae
1303 965 1373 1000 fuit
1399 979 1439 1001 ex
1466 970 1615 1004 maxime
1644 983 1815 1010 memora-

128 1025 279 1068 bilibus3
306 1025 540 1062 seditionum,
566 1023 742 1057 bellorum
761 1030 798 1057 et
816 1024 929 1057 omnis
950 1025 1089 1068 generis
1120 1025 1363 1060 calamitatum
1383 1028 1639 1065 seraeissimum
1666 1045 1813 1076 aevum,

127 1087 189 1121 sed
210 1093 247 1122 et
274 1085 431 1120 laetioris
459 1084 533 1118 diei
562 1084 780 1124 diluculum,
807 1085 985 1118 libertatis
1014 1089 1052 1118 et
1080 1086 1286 1130 opulentiae
1317 1089 1544 1136 insequentis
1574 1092 1749 1129 indicium
1776 1104 1813 1131 et

127 1148 235 1193 origo.
283 1146 463 1191 Populum
481 1146 519 1179 in
537 1157 579 1179 eo
598 1146 775 1180 cernimus
795 1145 894 1179 haud
923 1157 1171 1187 numerosum,
1199 1150 1285 1183 artis
1314 1151 1479 1185 militaris
1507 1153 1634 1188 rudem
1654 1161 1691 1189 et
1709 1157 1814 1192 disci-

125 1209 242 1255 plinae
261 1207 411 1241 bellicae
432 1207 594 1252 ignarum
606 1233 614 1247 ‚
641 1207 781 1253 saepius
801 1207 951 1241 adversa
969 1214 1133 1242 utentem
1153 1210 1297 1245 fortuna
1313 1220 1350 1248 et
1369 1214 1589 1260 aliquamdiu
1618 1217 1811 1260 domitum,

127 1271 189 1306 sed
208 1270 325 1304 animo
346 1281 484 1316 semper
504 1270 641 1305 invicto
662 1270 796 1304 bellum
815 1275 998 1316 gerentem
1026 1271 1195 1307 adversus
1225 1274 1478 1310 Otsmanorum
1504 1277 1694 1324 imperium
1714 1281 1809 1318 latis-

126 1333 270 1372 simum,
297 1332 512 1366 ditissimum
542 1339 578 1367 et
607 1333 905 1379 potentissimum.
956 1333 1129 1369 Videmus
1159 1336 1258 1370 illum
1288 1338 1358 1372 hoe
1389 1339 1509 1372 seculo
1530 1340 1661 1374 frustra
1692 1345 1812 1379 conni-

126 1403 262 1432 tentem
283 1401 320 1430 et
347 1394 547 1428 luctantem
575 1394 745 1427 adversus
772 1393 914 1427 hostem
942 1394 1078 1429 viribus
1103 1398 1216 1431 multo
1247 1400 1480 1444 superiorem,
1509 1400 1571 1434 sed
1601 1402 1744 1438 interim
1770 1418 1812 1440 ex

126 1458 286 1493 cladibus
305 1456 389 1502 ipsis
407 1455 577 1488 vincendi
598 1460 712 1487 artem
736 1454 935 1487 discentem
955 1461 991 1488 et
1007 1463 1088 1500 post
1119 1460 1337 1494 calamitates
1367 1461 1504 1495 viribus
1524 1469 1686 1507 auctum3
1714 1468 1811 1501 unde

128 1519 281 1557 factum,
307 1524 349 1551 ut
377 1516 583 1562 insequenti
613 1515 733 1548 seculo
763 1516 941 1550 victorum
956 1517 1046 1563 jugo
1068 1531 1104 1553 se
1127 1520 1341 1555 subtraxerit
1362 1521 1523 1556 Arabum
1544 1535 1629 1568 gens
1650 1531 1687 1559 et
1706 1527 1812 1562 liber-

127 1585 238 1614 tatem
258 1578 445 1612 abstulerit
465 1576 686 1609 constantiae
707 1581 744 1608 et
763 1576 987 1610 fortitudinis
1003 1580 1202 1623 praemium
1220 1581 1571 1616 desideratissimum.

173 1640 394 1674 Zeiditarum
411 1645 424 1661 ἃ
450 1637 600 1671 maxime
619 1643 734 1677 secta,
756 1638 832 1683 jam
849 1644 935 1673 tunc
955 1639 992 1672 in
1022 1639 1169 1673 Jemana
1198 1641 1282 1674 satis
1311 1647 1458 1686 potens,
1486 1644 1545 1677 cui
1575 1656 1659 1680 vero
1679 1646 1811 1685 deinde

128 1712 248 1736 omnes
267 1700 376 1735 ferme
398 1699 507 1744 hujus
536 1698 689 1743 regionis
718 1698 856 1734 Arabes
883 1712 920 1734 se
949 1699 1181 1740 addixerunt,
1217 1700 1286 1734 hoe
1314 1701 1434 1735 seculo
1464 1704 1635 1738 continuo
1664 1707 1814 1743 dissidia

126 1765 290 1810 bellaque
308 1762 440 1804 movit3
468 1762 618 1807 ejusque
640 1761 725 1795 fidei
742 1768 954 1802 sectatores,
980 1762 1161 1807 religionis
1191 1774 1275 1796 suae
1303 1762 1466 1797 vindices
1486 1766 1650 1800 acerrimi
1671 1780 1812 1814 oppres-

127 1811 306 1871 sionisque
335 1823 582 1869 impatientes,
608 1835 825 1869 quamquam
850 1825 938 1858 vieti
967 1836 1074 1870 saepe
1104 1829 1141 1858 et
1170 1824 1361 1870 aliquoties
1392 1824 1540 1859 obedire
1570 1829 1703 1867 coacti,
1738 1841 1811 1864 non

126 1887 309 1922 desierunt
327 1884 518 1930 praefectis
538 1884 753 1918 Otsmanieis
772 1897 848 1919 sese
867 1897 1066 1931 opponere,
1093 1884 1208 1919 donec
1235 1897 1317 1918 cum
1345 1885 1513 1921 libertate
1542 1889 1640 1923 civili
1659 1891 1812 1926 liberum

126 1948 304 1993 religionis
325 1958 408 1981 suae
429 1945 639 1979 exercitium
660 1952 778 1979 essent
798 1948 963 1981 assecuti.
1015 1946 1075 1980 Illi
1093 1953 1219 1992 postea
1244 1948 1433 1993 ejecerunt
1454 1961 1473 1982 e
1493 1951 1610 1995 patria
1639 1965 1701 1986 sua
1723 1954 1809 1988 Tur-

130 2022 249 2044 earum
269 2008 462 2046 exereitus,
488 2006 791 2052 quemadmodum
810 2008 991 2053 quondam
1010 2007 1131 2042 hostes
1152 2009 1219 2054 ipsi
1238 2009 1276 2042 in
1295 2009 1315 2043 J
1319 2022 1479 2044 emanam
1499 2012 1777 2048 introduxerant.

174 2070 220 2103 In
237 2075 404 2104 montana
424 2069 592 2102 Jemanae
613 2074 732 2113 parte,
759 2069 907 2103 ineunte
929 2070 1049 2103 seculo
1070 2070 1210 2105 decimo
1230 2071 1375 2116 plurimi
1395 2073 1554 2107 Zeiditae
1577 2075 1691 2107 securi
1711 2074 1810 2120 quie-

129 2132 230 2178 tique
257 2129 454 2175 degebant,
479 2129 585 2164 rebus
615 2129 687 2163 suis
717 2130 880 2164 contenti
908 2135 945 2165 et
974 2131 1116 2177 regibus
1146 2133 1327 2168 Arabibus
1357 2133 1538 2174 submissi,
1565 2135 1678 2168 donec
1705 2136 1812 2170 Ame-

1752 2210 1811 2232 rus

181 2313 194 2329 ¹
219 2289 348 2355 :uzlaza-35.
