2055 2865
906 164 1192 201 ’——35-e-

199 258 344 296 Hasano
364 263 401 293 et
419 259 559 307 accepit
578 272 598 295 a
617 259 756 297 Pascha
773 270 854 295 eum
870 259 1048 295 mandatis
1066 260 1213 296 excelsis
1225 288 1233 302 ,
1253 261 1385 308 quibus
1403 262 1442 297 in
1462 262 1610 309 imperio
1630 261 1778 298 ditionis
1795 275 1879 298 suae

197 321 494 362 confirmabatur,
519 323 788 368 promissionem
816 322 936 356 vexilli
953 322 1142 361 Sultaniei,
1169 324 1198 356 si
1219 335 1302 358 cum
1328 325 1530 359 constantia
1550 330 1587 359 et
1607 325 1678 359 fide
1708 325 1877 371 aliquam-

196 381 261 417 diu
287 382 437 429 imperio
467 384 650 418 Sultanieo
670 383 901 419 adhaesisset.
952 381 1043 416 Tum
1069 394 1214 428 quoque
1234 395 1297 428 per
1317 385 1440 420 Alium
1461 387 1483 420 f.
1505 385 1696 420 Mattaschi
1723 384 1879 420 Khaula-

196 442 297 478 nium
314 449 327 465 ⁸
355 444 496 489 accepit
520 445 682 478 Hasanus
703 444 747 477 ab
773 455 815 477 eo
834 443 920 477 fidei
936 442 1192 488 jusjurandum
1212 449 1249 477 et
1270 444 1433 492 obsequii
1452 447 1732 492 promissionem.

244 504 349 540 Alius
370 504 476 549 Jahja
495 508 634 541 autem,
661 502 784 537 audita
803 503 1092 538 Abdarrahmani
1117 502 1322 537 desectione
1351 511 1388 538 et
1415 512 1596 551 comperto
1624 507 1702 551 ejus
1724 506 1876 541 transitu

198 564 243 598 ad
265 565 453 609 imperium
471 564 714 604 Sultanicum,
739 563 838 598 misit
858 562 1143 598 Mohammedem
1159 564 1181 598 f.
1198 564 1312 598 Hadii
1340 564 1362 597 f.
1384 564 1512 597 Imami
1542 566 1772 601 Mothahheri
1794 578 1873 600 ver-

195 635 255 657 sus
274 623 376 668 Ragil
392 622 425 662 b,
452 625 515 671 qui
533 625 634 660 locus
652 631 707 660 est
725 625 764 658 in
783 624 964 659 territorio
992 624 1175 664 Meswafi,
1201 630 1238 659 et
1263 624 1374 670 jussit
1403 636 1488 658 eum
1506 626 1718 659 contrahere
1736 626 1873 672 copias,

194 695 289 730 quae
310 683 348 718 in
368 685 513 719 castello
530 686 693 721 Meswari
712 691 751 720 et
771 685 850 719 aliis
868 685 1085 732 quibusdam
1114 685 1203 720 loeis
1232 691 1336 719 erant
1363 685 1579 731 dispositae,
1606 690 1644 719 et
1670 697 1706 719 se
1728 688 1874 732 conjun-

193 755 277 790 gere
295 757 378 780 cum
398 746 654 781 Mohammedis
675 746 697 781 f.
719 746 893 781 Ahmedis
922 746 945 781 f.
975 747 1125 781 Hoseini
1153 747 1313 781 exercitu
1339 752 1376 781 et
1404 757 1488 780 cum
1515 746 1577 786 iis,
1602 758 1692 793 quos
1722 747 1767 781 ad
1793 760 1874 782 eum

190 805 354 841 mitteret
375 805 661 846 Gautseddinus‚
687 807 882 841 militibus:
909 812 951 841 ut
971 807 1081 848 adeo,
1106 807 1266 842 exercitu
1285 808 1387 853 justo
1417 813 1641 855 comparato,
1669 808 1874 843 Abdarrah-

191 876 337 899 manum
356 865 450 900 bello
472 867 737 911 aggrederetur.
789 866 957 901 Mandato
982 867 1153 902 obediens
1184 868 1448 903 Mohammedes
1479 869 1625 904 adortus
1656 876 1710 904 est
1733 870 1872 904 Abdar-

193 925 418 966 rahmanum,
445 927 508 973 qui
530 933 616 961 tunc
635 927 796 961 locorum
816 928 1042 973 quorundam
1069 928 1146 962 Alii
1175 927 1302 973 Jahjae
1325 931 1402 974 jam
1430 935 1507 962 erat
1536 930 1673 974 potitus
1703 942 1871 978 eumque,

193 999 315 1024 mense
342 988 529 1023 Schabano
563 987 647 1021 anni
676 984 748 1019 990
783 984 1007 1032 (Septembri
1034 987 1169 1033 1582),
1201 1000 1243 1022 ex
1270 989 1366 1022 omni
1394 989 1455 1022 illa
1483 990 1627 1034 regione
1651 991 1762 1036 ejecit
1792 1003 1873 1025 cum

191 1050 344 1084 maxima
365 1049 465 1083 clade
496 1047 573 1092 ejus
604 1045 781 1079 sociorum
810 1051 848 1079 et
876 1047 1032 1081 militum
1063 1049 1268 1095 turpissime
1293 1048 1519 1095 fugientium.
1569 1049 1645 1082 Hac
1674 1055 1790 1095 strage
1819 1062 1875 1084 ac-

192 1115 297 1155 cepta
324 1106 658 1146 Abdarrahmanus,
695 1108 940 1153 conquassatis
970 1108 1106 1142 viribus
1123 1135 1130 1148 ,
1167 1110 1412 1144 conditionem
1441 1119 1541 1143 suam
1570 1108 1707 1142 tristem
1737 1111 1872 1146 adnun-

189 1169 295 1203 tiavit
322 1167 483 1203 Paschae
513 1175 550 1203 et
581 1168 626 1202 ab
654 1180 697 1203 eo
727 1168 900 1202 auxilium
929 1169 1040 1202 etiam
1067 1175 1176 1216 atque
1205 1170 1316 1204 etiam
1340 1170 1481 1216 petivit.
1532 1170 1657 1216 Neque
1685 1171 1719 1205 ei
1748 1171 1869 1206 defuit

189 1227 370 1273 Hasanus3
395 1229 511 1264 missis
529 1230 625 1265 enim
645 1227 853 1264 cohortibus
874 1231 1054 1266 nonnullis
1082 1243 1123 1265 ex
1144 1231 1305 1264 exercitu
1334 1230 1534 1271 Sultanico,
1562 1232 1640 1277 ejus
1668 1242 1742 1265 rem
1768 1233 1871 1277 paul-

189 1288 305 1325 lulum
334 1291 494 1326 restituit
524 1299 696 1340 metuque
725 1290 827 1325 illum
851 1289 1029 1325 liberavit.
1091 1290 1307 1325 Izzeddinus
1333 1303 1498 1337 quoque,
1534 1293 1659 1326 audita
1686 1292 1782 1325 illius
1808 1293 1870 1327 ad-

187 1362 291 1386 versa
310 1351 471 1391 fortuna,
499 1353 640 1387 veniam
661 1353 794 1399 petivit
815 1351 859 1385 ab
879 1351 1021 1385 Hasano
1037 1350 1207 1384 mittendi
1228 1352 1425 1385 exereitum
1451 1352 1489 1386 in
1508 1353 1690 1398 regionem
1711 1352 1819 1386 Laam
1838 1358 1869 1391 Ε,

187 1417 230 1446 ut
248 1423 327 1447 eam
347 1420 566 1458 expugnaret
582 1420 618 1447 et
637 1414 689 1447 ita
706 1412 1003 1446 Abdarrahmano
1021 1423 1125 1456 opem
1145 1411 1275 1450 ferret,
1299 1423 1408 1457 quam
1427 1412 1571 1446 veniam
1589 1412 1727 1446 Pascha
1746 1413 1872 1449 luben-

190 1476 247 1505 ter
274 1473 309 1507 ei
337 1475 522 1507 concessit.
572 1473 671 1506 Misit
701 1484 784 1517 ergo
814 1471 1030 1505 Izzeddinus
1057 1472 1268 1510 exercitum,
1295 1472 1387 1506 duce
1417 1471 1577 1506 Jakouto
1597 1473 1821 1508 Nekrezanio
1838 1473 1872 1513 d,'

190 1530 235 1566 ad
255 1542 378 1577 agrurn
398 1531 630 1576 Djidmanum
647 1537 680 1572 e,
714 1531 955 1578 pertinentem
986 1531 1032 1564 ad
1064 1531 1228 1566 Meswari
1256 1532 1456 1577 regionem,
1491 1534 1718 1580 alterumque
1736 1534 1870 1568 exerci-

187 1597 265 1626 tum
293 1593 333 1625 in
361 1592 493 1624 finibus
523 1591 671 1624 ditionis
702 1603 785 1624 suae
816 1591 1100 1625 Caucabanensis
1135 1591 1313 1635 disposuit
1349 1592 1415 1626 sub
1440 1592 1611 1636 auspiciis
1640 1596 1782 1639 nepotis
1812 1596 1867 1629 sui

186 1650 417 1686 Mothahheri
440 1651 461 1684 f.
485 1649 605 1683 Selahi
627 1649 648 1682 s.
672 1650 955 1685 Schamseddini.
1006 1650 1272 1684 Mohammedes
1300 1662 1384 1684 vero
1406 1650 1428 1684 f.
1449 1650 1559 1684 lladii
1587 1657 1624 1684 et
1652 1653 1866 1688 Mohamme⁴

186 1714 249 1749 des
270 1712 504 1750 f.Ah1nedis‚
531 1711 655 1744 audito
676 1711 835 1746 adventu
855 1711 1033 1745 exercitus
1060 1711 1365 1750 Caucabanensis‚
1392 1711 1631 1747 decreverunt
1661 1727 1767 1760 quam
1793 1717 1865 1762 pri-

184 1785 281 1808 mum
304 1774 479 1820 proelium
509 1771 752 1811 committere,
787 1771 995 1818 priusquam
1035 1771 1215 1806 Jakoutus
1247 1784 1329 1805 cum
1368 1772 1666 1808 Abdarrahmauo
1703 1789 1739 1810 se
1780 1789 1863 1812 eon-

180 1834 374 1879 junxisset‚
410 1840 452 1868 ut
480 1835 531 1868 ita
554 1834 753 1879 disjunctos
784 1832 989 1872 vincerent,
1023 1833 1155 1879 quibus
1184 1833 1387 1879 conjunctis
1413 1846 1486 1868 non
1516 1841 1618 1869 erant
1645 1849 1757 1883 pares.
1809 1839 1860 1873 Eo

183 1900 305 1930 autem
332 1894 471 1929 facilius
496 1895 532 1929 id
560 1898 757 1940 potuerunt
787 1892 947 1931 efficere,
973 1893 1061 1939 quia
1087 1893 1199 1927 medii
1226 1900 1329 1928 crant
1358 1895 1452 1929 inter
1480 1902 1675 1943 utrumque
1704 1898 1860 1932 hostium

182 1955 379 1989 exercitum
400 1961 455 1995 et,
482 1955 646 1989 omnibus
661 1954 729 1988 viis
750 1959 787 1987 et
807 1954 980 1999 angustiis
1009 1954 1186 1988 montium
1215 1957 1418 2001 occupatis,
1445 1958 1504 1991 vix
1527 1958 1620 1991 ullus
1647 1958 1794 1991 nuntius
1816 1957 1860 1992 ab

185 2013 342 2049 Jakouto
362 2016 406 2049 ad
423 2015 756 2049 Abdarrahmanum
773 2019 914 2060 poterat
943 2014 1142 2059 pervenire.
1193 2014 1242 2050 Ut
1267 2021 1385 2050 tamen
1411 2029 1554 2063 prorsus
1582 2017 1699 2051 securi
1727 2018 1859 2052 Jakou-

185 2078 261 2107 tum
280 2074 522 2113 adorirentur,
557 2075 821 2109 Mohammedes
843 2075 865 2108 s.
894 2074 1003 2108 Hadii
1031 2074 1201 2109 remansit
1231 2075 1395 2110 Meswari
1428 2089 1509 2111 cum
1536 2078 1674 2122 agmine
1702 2078 1796 2111 lecto
1818 2091 1858 2112 ex

183 2133 421 2168 Gautseddini
438 2135 549 2182 copiis
566 2136 736 2170 adversus
757 2135 1105 2175 Abdarrahmanum,
1133 2136 1237 2182 cujus
1258 2137 1352 2171 vires
1376 2137 1452 2182 jam
1478 2137 1635 2171 adventu
1654 2137 1856 2173 cohortium

1768 2211 1858 2245 qua-

228 2318 243 2335 a
260 2310 408 2360 &ipss
438 2312 528 2352 „am
556 2327 599 2362 ff
627 2312 707 2363 02³-
804 2313 948 2367 ‘’3³45‘ss
1031 2301 1133 2349 «εἱ-ζεῖ,
1247 2313 1380 2364 ἀώρ-,ς
1403 2313 1508 2358 epu,
1600 2320 1614 2338 e
1633 2313 1749 2364 rasis
1780 2315 1852 2355 032,

1179 2395 1207 2429 E
1233 2395 1254 2430 2
