<?xml version="1.0" encoding="UTF-8"?>
<!DOCTYPE html PUBLIC "-//W3C//DTD XHTML 1.0 Transitional//EN"
    "http://www.w3.org/TR/xhtml1/DTD/xhtml1-transitional.dtd">
<html xmlns="http://www.w3.org/1999/xhtml" xml:lang="en" lang="en">
 <head>
  <title>
</title>
<meta http-equiv="Content-Type" content="text/html;charset=utf-8" />
  <meta name='ocr-system' content='tesseract 3.04.00' />
  <meta name='ocr-capabilities' content='ocr_page ocr_carea ocr_par ocr_line ocrx_word'/>
</head>
<body>
  <div class='ocr_page' id='page_1' title='image "./historiajemanaes00ruamuoft/historiajemanaes00ruamuoft_0035.png"; bbox 0 0 2055 2865; ppageno 0'>
   <div class='ocr_carea' id='block_1_1' title="bbox 870 180 1158 216">
    <p class='ocr_par' dir='ltr' id='par_1_1' title="bbox 870 180 1158 216">
     <span class='ocr_line' id='line_1_1' title="bbox 870 180 1158 216; baseline -0.007 -4"><span class='ocrx_word' id='word_1_1' title='bbox 870 180 1158 216; x_wconf 72' lang='lat'>——19—</span> 
     </span>
    </p>
   </div>
   <div class='ocr_carea' id='block_1_2' title="bbox 134 273 1857 2146">
    <p class='ocr_par' dir='ltr' id='par_1_2' title="bbox 179 273 1853 448">
     <span class='ocr_line' id='line_1_2' title="bbox 181 273 1853 320; baseline 0 -8"><span class='ocrx_word' id='word_1_2' title='bbox 181 274 345 312; x_wconf 84' lang='lat' dir='ltr'><strong>confiniis</strong></span> <span class='ocrx_word' id='word_1_3' title='bbox 365 275 518 311; x_wconf 88' lang='lat' dir='ltr'><strong>Dzibani</strong></span> <span class='ocrx_word' id='word_1_4' title='bbox 537 280 549 300; x_wconf 76' lang='lat'><strong><em>³</em></strong></span> <span class='ocrx_word' id='word_1_5' title='bbox 576 275 666 311; x_wconf 90' lang='lat' dir='ltr'><strong>situs</strong></span> <span class='ocrx_word' id='word_1_6' title='bbox 683 273 727 309; x_wconf 86' lang='lat' dir='ltr'><strong>ad</strong></span> <span class='ocrx_word' id='word_1_7' title='bbox 746 274 944 310; x_wconf 83' lang='lat' dir='ltr'><strong>Lothsallae</strong></span> <span class='ocrx_word' id='word_1_8' title='bbox 973 274 1178 320; x_wconf 77' lang='lat' dir='ltr'><strong>pertinebat</strong></span> <span class='ocrx_word' id='word_1_9' title='bbox 1203 274 1379 312; x_wconf 87' lang='lat' dir='ltr'><strong>ditionem</strong></span> <span class='ocrx_word' id='word_1_10' title='bbox 1404 281 1442 312; x_wconf 87' lang='lat' dir='ltr'><strong>et</strong></span> <span class='ocrx_word' id='word_1_11' title='bbox 1470 277 1516 311; x_wconf 90' lang='lat' dir='ltr'><strong>ab</strong></span> <span class='ocrx_word' id='word_1_12' title='bbox 1543 274 1661 312; x_wconf 86' lang='lat' dir='ltr'><strong>Hadio</strong></span> <span class='ocrx_word' id='word_1_13' title='bbox 1688 282 1764 312; x_wconf 87' lang='lat' dir='ltr'><strong>erat</strong></span> <span class='ocrx_word' id='word_1_14' title='bbox 1794 276 1853 313; x_wconf 75' lang='lat' dir='ltr'><strong>ex-&#39;</strong></span> 
     </span>
     <span class='ocr_line' id='line_1_3' title="bbox 182 334 1853 384; baseline 0 -11"><span class='ocrx_word' id='word_1_15' title='bbox 182 344 360 384; x_wconf 83' lang='lat' dir='ltr'><strong>pugnatus</strong></span> <span class='ocrx_word' id='word_1_16' title='bbox 387 342 425 372; x_wconf 88' lang='lat' dir='ltr'><strong>et</strong></span> <span class='ocrx_word' id='word_1_17' title='bbox 451 337 622 383; x_wconf 88' lang='lat' dir='ltr'><strong>direptus.</strong></span> <span class='ocrx_word' id='word_1_18' title='bbox 673 335 912 369; x_wconf 79' lang='lat' dir='ltr'><strong>Dzamarmari</strong></span> <span class='ocrx_word' id='word_1_19' title='bbox 938 334 977 370; x_wconf 87' lang='lat' dir='ltr'><strong>in</strong></span> <span class='ocrx_word' id='word_1_20' title='bbox 1006 335 1151 370; x_wconf 80' lang='lat' dir='ltr'><strong>vincula</strong></span> <span class='ocrx_word' id='word_1_21' title='bbox 1186 337 1374 383; x_wconf 81' lang='lat' dir='ltr'><strong>conjectus</strong></span> <span class='ocrx_word' id='word_1_22' title='bbox 1405 337 1544 372; x_wconf 86' lang='lat' dir='ltr'><strong>Hadius</strong></span> <span class='ocrx_word' id='word_1_23' title='bbox 1561 363 1571 378; x_wconf 89' lang='lat'><em>‚</em></span> <span class='ocrx_word' id='word_1_24' title='bbox 1603 338 1656 372; x_wconf 89' lang='lat' dir='ltr'><strong>ibi</strong></span> <span class='ocrx_word' id='word_1_25' title='bbox 1684 339 1729 373; x_wconf 85' lang='lat' dir='ltr'><strong>ad</strong></span> <span class='ocrx_word' id='word_1_26' title='bbox 1754 340 1853 374; x_wconf 85' lang='lat' dir='ltr'><strong>urbis</strong></span> 
     </span>
     <span class='ocr_line' id='line_1_4' title="bbox 179 396 673 448; baseline -0.014 -12"><span class='ocrx_word' id='word_1_27' title='bbox 179 399 476 448; x_wconf 80' lang='lat' dir='ltr'>expugnationem</span> <span class='ocrx_word' id='word_1_28' title='bbox 495 396 673 432; x_wconf 81' lang='lat' dir='ltr'><strong>remansit.</strong></span> 
     </span>
    </p>

    <p class='ocr_par' dir='ltr' id='par_1_3' title="bbox 134 452 1854 1289">
     <span class='ocr_line' id='line_1_5' title="bbox 226 452 1848 507; baseline -0.002 -10"><span class='ocrx_word' id='word_1_29' title='bbox 226 462 320 497; x_wconf 87' lang='lat' dir='ltr'><strong>Loco</strong></span> <span class='ocrx_word' id='word_1_30' title='bbox 338 461 447 507; x_wconf 89' lang='lat' dir='ltr'><strong>hujus</strong></span> <span class='ocrx_word' id='word_1_31' title='bbox 464 455 687 493; x_wconf 82' lang='lat' dir='ltr'>dilectissimi</span> <span class='ocrx_word' id='word_1_32' title='bbox 706 453 826 488; x_wconf 86' lang='lat' dir='ltr'><strong>fratris</strong></span> <span class='ocrx_word' id='word_1_33' title='bbox 859 452 989 489; x_wconf 91' lang='lat' dir='ltr'><strong>Zahiro</strong></span> <span class='ocrx_word' id='word_1_34' title='bbox 1015 459 1053 490; x_wconf 89' lang='lat' dir='ltr'><strong>ct</strong></span> <span class='ocrx_word' id='word_1_35' title='bbox 1075 456 1171 501; x_wconf 88' lang='lat' dir='ltr'><strong>parti</strong></span> <span class='ocrx_word' id='word_1_36' title='bbox 1202 456 1359 501; x_wconf 82' lang='lat' dir='ltr'><strong>regionis</strong></span> <span class='ocrx_word' id='word_1_37' title='bbox 1386 457 1515 502; x_wconf 78' lang='lat' dir='ltr'><strong>Djofae</strong></span> <span class='ocrx_word' id='word_1_38' title='bbox 1546 458 1753 504; x_wconf 81' lang='lat' dir='ltr'><strong>praeposuit</strong></span> <span class='ocrx_word' id='word_1_39' title='bbox 1778 459 1848 494; x_wconf 87' lang='lat' dir='ltr'><strong>Mo-</strong></span> 
     </span>
     <span class='ocr_line' id='line_1_6' title="bbox 177 513 1843 561; baseline 0.001 -7"><span class='ocrx_word' id='word_1_40' title='bbox 177 521 385 555; x_wconf 87' lang='lat' dir='ltr'><strong>hammedes</strong></span> <span class='ocrx_word' id='word_1_41' title='bbox 402 520 546 553; x_wconf 84' lang='lat' dir='ltr'><strong>fratrem</strong></span> <span class='ocrx_word' id='word_1_42' title='bbox 565 525 668 549; x_wconf 88' lang='lat' dir='ltr'><strong>suum</strong></span> <span class='ocrx_word' id='word_1_43' title='bbox 696 526 738 547; x_wconf 79' lang='lat' dir='ltr'><strong>ex</strong></span> <span class='ocrx_word' id='word_1_44' title='bbox 755 513 882 548; x_wconf 89' lang='lat' dir='ltr'><strong>eodem</strong></span> <span class='ocrx_word' id='word_1_45' title='bbox 909 521 1030 560; x_wconf 88' lang='lat' dir='ltr'><strong>patre,</strong></span> <span class='ocrx_word' id='word_1_46' title='bbox 1058 517 1121 551; x_wconf 90' lang='lat' dir='ltr'><strong>sed</strong></span> <span class='ocrx_word' id='word_1_47' title='bbox 1145 522 1259 550; x_wconf 85' lang='lat' dir='ltr'><strong>matre</strong></span> <span class='ocrx_word' id='word_1_48' title='bbox 1288 515 1357 548; x_wconf 87' lang='lat' dir='ltr'><strong>alia</strong></span> <span class='ocrx_word' id='word_1_49' title='bbox 1379 524 1591 561; x_wconf 86' lang='lat' dir='ltr'><strong>prognatum</strong></span> <span class='ocrx_word' id='word_1_50' title='bbox 1616 519 1843 555; x_wconf 78' lang='lat' dir='ltr'><strong>Wahhasum</strong></span> 
     </span>
     <span class='ocr_line' id='line_1_7' title="bbox 176 573 1848 626; baseline -0.001 -13"><span class='ocrx_word' id='word_1_51' title='bbox 176 586 348 626; x_wconf 79' lang='lat' dir='ltr'><strong>tanquam</strong></span> <span class='ocrx_word' id='word_1_52' title='bbox 374 578 571 615; x_wconf 84' lang='lat' dir='ltr'><strong>vicarium,</strong></span> <span class='ocrx_word' id='word_1_53' title='bbox 599 575 658 610; x_wconf 87' lang='lat' dir='ltr'><strong>cui</strong></span> <span class='ocrx_word' id='word_1_54' title='bbox 684 573 832 620; x_wconf 81' lang='lat' dir='ltr'><strong>quidem</strong></span> <span class='ocrx_word' id='word_1_55' title='bbox 859 574 961 609; x_wconf 87' lang='lat' dir='ltr'><strong>fratri</strong></span> <span class='ocrx_word' id='word_1_56' title='bbox 986 587 1102 616; x_wconf 81' lang='lat' dir='ltr'><strong>nunc,</strong></span> <span class='ocrx_word' id='word_1_57' title='bbox 1128 582 1233 622; x_wconf 88' lang='lat' dir='ltr'><strong>capto</strong></span> <span class='ocrx_word' id='word_1_58' title='bbox 1257 574 1391 614; x_wconf 83' lang='lat' dir='ltr'><strong>Hadio,</strong></span> <span class='ocrx_word' id='word_1_59' title='bbox 1416 576 1610 621; x_wconf 82' lang='lat' dir='ltr'><strong>plurimum</strong></span> <span class='ocrx_word' id='word_1_60' title='bbox 1635 580 1848 614; x_wconf 84' lang='lat' dir='ltr'><strong>confidebat.</strong></span> 
     </span>
     <span class='ocr_line' id='line_1_8' title="bbox 177 635 1850 684; baseline 0.001 -12"><span class='ocrx_word' id='word_1_61' title='bbox 177 638 256 683; x_wconf 81' lang='lat' dir='ltr'><strong>Quo</strong></span> <span class='ocrx_word' id='word_1_62' title='bbox 278 642 436 684; x_wconf 87' lang='lat' dir='ltr'><strong>tempore</strong></span> <span class='ocrx_word' id='word_1_63' title='bbox 453 637 538 671; x_wconf 87' lang='lat' dir='ltr'><strong>dein</strong></span> <span class='ocrx_word' id='word_1_64' title='bbox 557 637 771 671; x_wconf 87' lang='lat' dir='ltr'><strong>Imamatum</strong></span> <span class='ocrx_word' id='word_1_65' title='bbox 795 635 958 670; x_wconf 83' lang='lat' dir='ltr'><strong>Hasanus</strong></span> <span class='ocrx_word' id='word_1_66' title='bbox 976 637 1143 682; x_wconf 86' lang='lat' dir='ltr'><strong>princeps</strong></span> <span class='ocrx_word' id='word_1_67' title='bbox 1169 635 1354 671; x_wconf 86' lang='lat' dir='ltr'><strong>Almoumi</strong></span> <span class='ocrx_word' id='word_1_68' title='bbox 1376 636 1612 683; x_wconf 81' lang='lat' dir='ltr'><strong>suscipiebat,</strong></span> <span class='ocrx_word' id='word_1_69' title='bbox 1640 649 1760 672; x_wconf 87' lang='lat' dir='ltr'><strong>omnes</strong></span> <span class='ocrx_word' id='word_1_70' title='bbox 1779 641 1850 673; x_wconf 87' lang='lat' dir='ltr'><strong>Mo-</strong></span> 
     </span>
     <span class='ocr_line' id='line_1_9' title="bbox 178 695 1851 745; baseline 0.002 -15"><span class='ocrx_word' id='word_1_71' title='bbox 178 695 376 731; x_wconf 86' lang='lat' dir='ltr'><strong>hammedis</strong></span> <span class='ocrx_word' id='word_1_72' title='bbox 393 697 537 738; x_wconf 83' lang='lat' dir='ltr'><strong>fratres,</strong></span> <span class='ocrx_word' id='word_1_73' title='bbox 564 702 713 743; x_wconf 79' lang='lat' dir='ltr'><strong>excepto</strong></span> <span class='ocrx_word' id='word_1_74' title='bbox 724 695 898 736; x_wconf 78' lang='lat' dir='ltr'><strong>Hafidho,</strong></span> <span class='ocrx_word' id='word_1_75' title='bbox 918 695 1097 733; x_wconf 89' lang='lat' dir='ltr'><strong>Wahhasi</strong></span> <span class='ocrx_word' id='word_1_76' title='bbox 1115 697 1223 734; x_wconf 80' lang='lat' dir='ltr'><strong>fratre</strong></span> <span class='ocrx_word' id='word_1_77' title='bbox 1242 712 1408 745; x_wconf 81' lang='lat' dir='ltr'><strong>germano</strong></span> <span class='ocrx_word' id='word_1_78' title='bbox 1420 727 1427 740; x_wconf 93' lang='lat'>‚</span> <span class='ocrx_word' id='word_1_79' title='bbox 1455 700 1499 735; x_wconf 83' lang='lat' dir='ltr'><strong>ad</strong></span> <span class='ocrx_word' id='word_1_80' title='bbox 1516 713 1599 735; x_wconf 86' lang='lat' dir='ltr'><strong>eum</strong></span> <span class='ocrx_word' id='word_1_81' title='bbox 1618 707 1851 735; x_wconf 80' lang='lat' dir='ltr'><strong>accesserant.</strong></span> 
     </span>
     <span class='ocr_line' id='line_1_10' title="bbox 175 751 1852 805; baseline 0.002 -13"><span class='ocrx_word' id='word_1_82' title='bbox 175 756 276 794; x_wconf 87' lang='lat' dir='ltr'><strong>Unus</strong></span> <span class='ocrx_word' id='word_1_83' title='bbox 291 757 351 792; x_wconf 88' lang='lat' dir='ltr'><strong>ille</strong></span> <span class='ocrx_word' id='word_1_84' title='bbox 373 758 513 793; x_wconf 85' lang='lat' dir='ltr'><strong>Sultani</strong></span> <span class='ocrx_word' id='word_1_85' title='bbox 529 765 649 805; x_wconf 86' lang='lat' dir='ltr'><strong>partes</strong></span> <span class='ocrx_word' id='word_1_86' title='bbox 668 757 835 803; x_wconf 80' lang='lat' dir='ltr'><strong>amplecti</strong></span> <span class='ocrx_word' id='word_1_87' title='bbox 855 751 1060 802; x_wconf 77' lang='lat' dir='ltr'><strong>perrexerat</strong></span> <span class='ocrx_word' id='word_1_88' title='bbox 1076 764 1113 793; x_wconf 91' lang='lat' dir='ltr'><strong>et</strong></span> <span class='ocrx_word' id='word_1_89' title='bbox 1130 760 1340 795; x_wconf 81' lang='lat' dir='ltr'><strong>adventanti</strong></span> <span class='ocrx_word' id='word_1_90' title='bbox 1358 763 1501 796; x_wconf 81' lang='lat' dir='ltr'><strong>Hasano</strong></span> <span class='ocrx_word' id='word_1_91' title='bbox 1530 761 1689 796; x_wconf 83' lang='lat' dir='ltr'><strong>Paschae</strong></span> <span class='ocrx_word' id='word_1_92' title='bbox 1711 761 1852 796; x_wconf 84' lang='lat' dir='ltr'><strong>obviam</strong></span> 
     </span>
     <span class='ocr_line' id='line_1_11' title="bbox 134 816 1853 868; baseline 0.003 -17"><span class='ocrx_word' id='word_1_93' title='bbox 134 816 136 819; x_wconf 72' lang='grc'>’</span> <span class='ocrx_word' id='word_1_94' title='bbox 173 818 276 852; x_wconf 86' lang='lat' dir='ltr'><strong>ierat.</strong></span> <span class='ocrx_word' id='word_1_95' title='bbox 333 818 403 852; x_wconf 88' lang='lat' dir='ltr'><strong>Hic</strong></span> <span class='ocrx_word' id='word_1_96' title='bbox 429 829 513 853; x_wconf 85' lang='lat' dir='ltr'><strong>eum</strong></span> <span class='ocrx_word' id='word_1_97' title='bbox 539 818 737 852; x_wconf 86' lang='lat' dir='ltr'><strong>honorifice</strong></span> <span class='ocrx_word' id='word_1_98' title='bbox 766 822 956 863; x_wconf 74' lang='lat' dir='ltr'><strong>exceptum</strong></span> <span class='ocrx_word' id='word_1_99' title='bbox 980 823 1018 852; x_wconf 87' lang='lat' dir='ltr'><strong>et</strong></span> <span class='ocrx_word' id='word_1_100' title='bbox 1043 818 1241 854; x_wconf 84' lang='lat' dir='ltr'><strong>liberaliter</strong></span> <span class='ocrx_word' id='word_1_101' title='bbox 1265 821 1440 856; x_wconf 85' lang='lat' dir='ltr'><strong>donatum</strong></span> <span class='ocrx_word' id='word_1_102' title='bbox 1466 822 1666 868; x_wconf 82' lang='lat' dir='ltr'><strong>principem</strong></span> <span class='ocrx_word' id='word_1_103' title='bbox 1694 819 1853 857; x_wconf 67' lang='lat' dir='ltr'><strong>nomina-</strong></span> 
     </span>
     <span class='ocr_line' id='line_1_12' title="bbox 176 878 1852 929; baseline 0.003 -18"><span class='ocrx_word' id='word_1_104' title='bbox 176 882 278 911; x_wconf 83' lang='lat' dir='ltr'><strong>verat</strong></span> <span class='ocrx_word' id='word_1_105' title='bbox 298 882 336 911; x_wconf 88' lang='lat' dir='ltr'><strong>et</strong></span> <span class='ocrx_word' id='word_1_106' title='bbox 352 878 482 912; x_wconf 78' lang='lat' dir='ltr'><strong>vexillo</strong></span> <span class='ocrx_word' id='word_1_107' title='bbox 512 878 698 912; x_wconf 86' lang='lat' dir='ltr'><strong>Sultanico</strong></span> <span class='ocrx_word' id='word_1_108' title='bbox 727 886 811 911; x_wconf 88' lang='lat' dir='ltr'><strong>eum</strong></span> <span class='ocrx_word' id='word_1_109' title='bbox 837 883 1044 918; x_wconf 78' lang='lat' dir='ltr'><strong>ornaverat,</strong></span> <span class='ocrx_word' id='word_1_110' title='bbox 1071 892 1135 926; x_wconf 89' lang='lat' dir='ltr'><strong>per</strong></span> <span class='ocrx_word' id='word_1_111' title='bbox 1159 880 1327 914; x_wconf 86' lang='lat' dir='ltr'><strong>mandata</strong></span> <span class='ocrx_word' id='word_1_112' title='bbox 1358 881 1495 915; x_wconf 83' lang='lat' dir='ltr'><strong>excelsa</strong></span> <span class='ocrx_word' id='word_1_113' title='bbox 1521 894 1689 927; x_wconf 80' lang='lat' dir='ltr'><strong>magnum</strong></span> <span class='ocrx_word' id='word_1_114' title='bbox 1717 883 1852 929; x_wconf 87' lang='lat' dir='ltr'><strong>stipen-</strong></span> 
     </span>
     <span class='ocr_line' id='line_1_13' title="bbox 173 936 1851 989; baseline 0.004 -19"><span class='ocrx_word' id='word_1_115' title='bbox 173 936 275 971; x_wconf 87' lang='lat' dir='ltr'><strong>dium</strong></span> <span class='ocrx_word' id='word_1_116' title='bbox 301 936 353 970; x_wconf 84' lang='lat' dir='ltr'><strong>illi</strong></span> <span class='ocrx_word' id='word_1_117' title='bbox 381 936 592 971; x_wconf 84' lang='lat' dir='ltr'><strong>concedens.</strong></span> <span class='ocrx_word' id='word_1_118' title='bbox 642 936 819 971; x_wconf 75' lang='lat' dir='ltr'><strong>Hafidhus</strong></span> <span class='ocrx_word' id='word_1_119' title='bbox 848 942 925 972; x_wconf 86' lang='lat' dir='ltr'><strong>tum</strong></span> <span class='ocrx_word' id='word_1_120' title='bbox 955 938 1000 972; x_wconf 88' lang='lat' dir='ltr'><strong>ad</strong></span> <span class='ocrx_word' id='word_1_121' title='bbox 1028 939 1256 975; x_wconf 87' lang='lat' dir='ltr'><strong>Wahhasum</strong></span> <span class='ocrx_word' id='word_1_122' title='bbox 1285 941 1423 977; x_wconf 83' lang='lat' dir='ltr'><strong>litteras</strong></span> <span class='ocrx_word' id='word_1_123' title='bbox 1451 942 1566 981; x_wconf 80' lang='lat' dir='ltr'><strong>misit,</strong></span> <span class='ocrx_word' id='word_1_124' title='bbox 1593 955 1665 989; x_wconf 83' lang='lat' dir='ltr'><strong>quo</strong></span> <span class='ocrx_word' id='word_1_125' title='bbox 1691 949 1851 989; x_wconf 88' lang='lat' dir='ltr'><strong>tempore</strong></span> 
     </span>
     <span class='ocr_line' id='line_1_14' title="bbox 173 996 1853 1043; baseline 0.004 -11"><span class='ocrx_word' id='word_1_126' title='bbox 173 997 440 1033; x_wconf 86' lang='lat' dir='ltr'><strong>Mohammcdes</strong></span> <span class='ocrx_word' id='word_1_127' title='bbox 468 996 655 1031; x_wconf 85' lang='lat' dir='ltr'><strong>obsidione</strong></span> <span class='ocrx_word' id='word_1_128' title='bbox 684 997 925 1037; x_wconf 86' lang='lat' dir='ltr'><strong>retinebatur,</strong></span> <span class='ocrx_word' id='word_1_129' title='bbox 951 997 1084 1043; x_wconf 83' lang='lat' dir='ltr'><strong>quibus</strong></span> <span class='ocrx_word' id='word_1_130' title='bbox 1115 999 1294 1033; x_wconf 80' lang='lat' dir='ltr'><strong>excelsum</strong></span> <span class='ocrx_word' id='word_1_131' title='bbox 1323 1014 1427 1036; x_wconf 85' lang='lat' dir='ltr'><strong>suum</strong></span> <span class='ocrx_word' id='word_1_132' title='bbox 1452 1014 1600 1041; x_wconf 84' lang='lat' dir='ltr'><strong>munus,</strong></span> <span class='ocrx_word' id='word_1_133' title='bbox 1633 1004 1757 1038; x_wconf 80' lang='lat' dir='ltr'><strong>datum</strong></span> <span class='ocrx_word' id='word_1_134' title='bbox 1785 1005 1853 1040; x_wconf 86' lang='lat' dir='ltr'><strong>sibi</strong></span> 
     </span>
     <span class='ocr_line' id='line_1_15' title="bbox 175 1057 1854 1108; baseline 0.004 -17"><span class='ocrx_word' id='word_1_135' title='bbox 175 1058 347 1093; x_wconf 86' lang='lat' dir='ltr'><strong>honorem</strong></span> <span class='ocrx_word' id='word_1_136' title='bbox 365 1063 402 1092; x_wconf 89' lang='lat' dir='ltr'><strong>et</strong></span> <span class='ocrx_word' id='word_1_137' title='bbox 418 1057 464 1090; x_wconf 86' lang='lat' dir='ltr'><strong>ab</strong></span> <span class='ocrx_word' id='word_1_138' title='bbox 490 1057 632 1091; x_wconf 85' lang='lat' dir='ltr'><strong>Hasano</strong></span> <span class='ocrx_word' id='word_1_139' title='bbox 658 1067 843 1092; x_wconf 82' lang='lat' dir='ltr'><strong>concessas</strong></span> <span class='ocrx_word' id='word_1_140' title='bbox 868 1070 953 1104; x_wconf 88' lang='lat' dir='ltr'><strong>opes</strong></span> <span class='ocrx_word' id='word_1_141' title='bbox 979 1069 1194 1105; x_wconf 83' lang='lat' dir='ltr'><strong>magnopere</strong></span> <span class='ocrx_word' id='word_1_142' title='bbox 1223 1061 1353 1095; x_wconf 78' lang='lat' dir='ltr'><strong>extulit</strong></span> <span class='ocrx_word' id='word_1_143' title='bbox 1382 1063 1595 1108; x_wconf 84' lang='lat' dir='ltr'><strong>monuitque</strong></span> <span class='ocrx_word' id='word_1_144' title='bbox 1623 1075 1705 1097; x_wconf 84' lang='lat' dir='ltr'><strong>eum</strong></span> <span class='ocrx_word' id='word_1_145' title='bbox 1731 1070 1789 1102; x_wconf 92' lang='lat' dir='ltr'><strong>ut,</strong></span> <span class='ocrx_word' id='word_1_146' title='bbox 1817 1077 1854 1099; x_wconf 87' lang='lat' dir='ltr'><strong>se</strong></span> 
     </span>
     <span class='ocr_line' id='line_1_16' title="bbox 171 1115 1854 1167; baseline 0.004 -15"><span class='ocrx_word' id='word_1_147' title='bbox 171 1116 375 1163; x_wconf 80' lang='lat' dir='ltr'><strong>sequendo,</strong></span> <span class='ocrx_word' id='word_1_148' title='bbox 411 1115 567 1151; x_wconf 87' lang='lat' dir='ltr'><strong>eundem</strong></span> <span class='ocrx_word' id='word_1_149' title='bbox 592 1122 734 1164; x_wconf 84' lang='lat' dir='ltr'><strong>peteret</strong></span> <span class='ocrx_word' id='word_1_150' title='bbox 765 1117 954 1164; x_wconf 82' lang='lat' dir='ltr'><strong>dignitatis</strong></span> <span class='ocrx_word' id='word_1_151' title='bbox 983 1119 1140 1164; x_wconf 84' lang='lat' dir='ltr'><strong>gradmn.</strong></span> <span class='ocrx_word' id='word_1_152' title='bbox 1198 1119 1323 1167; x_wconf 86' lang='lat' dir='ltr'><strong>Neque</strong></span> <span class='ocrx_word' id='word_1_153' title='bbox 1350 1120 1390 1155; x_wconf 86' lang='lat' dir='ltr'><strong>id</strong></span> <span class='ocrx_word' id='word_1_154' title='bbox 1418 1121 1549 1157; x_wconf 84' lang='lat' dir='ltr'><strong>frustra</strong></span> <span class='ocrx_word' id='word_1_155' title='bbox 1578 1122 1684 1157; x_wconf 85' lang='lat' dir='ltr'><strong>fecit:</strong></span> <span class='ocrx_word' id='word_1_156' title='bbox 1719 1136 1854 1159; x_wconf 83' lang='lat' dir='ltr'><strong>morem</strong></span> 
     </span>
     <span class='ocr_line' id='line_1_17' title="bbox 174 1175 1854 1229; baseline 0.004 -17"><span class='ocrx_word' id='word_1_157' title='bbox 174 1177 271 1212; x_wconf 84' lang='lat' dir='ltr'><strong>enim</strong></span> <span class='ocrx_word' id='word_1_158' title='bbox 291 1175 326 1212; x_wconf 87' lang='lat' dir='ltr'><strong>ei</strong></span> <span class='ocrx_word' id='word_1_159' title='bbox 344 1177 453 1222; x_wconf 79' lang='lat' dir='ltr'><strong>gessit</strong></span> <span class='ocrx_word' id='word_1_160' title='bbox 467 1176 693 1218; x_wconf 88' lang='lat' dir='ltr'><strong>Wahhasus,</strong></span> <span class='ocrx_word' id='word_1_161' title='bbox 720 1176 878 1224; x_wconf 85' lang='lat' dir='ltr'><strong>subjecit</strong></span> <span class='ocrx_word' id='word_1_162' title='bbox 900 1189 936 1214; x_wconf 89' lang='lat' dir='ltr'><strong>se</strong></span> <span class='ocrx_word' id='word_1_163' title='bbox 956 1179 1109 1225; x_wconf 88' lang='lat' dir='ltr'><strong>imperio</strong></span> <span class='ocrx_word' id='word_1_164' title='bbox 1136 1181 1322 1216; x_wconf 86' lang='lat' dir='ltr'><strong>Sultanico</strong></span> <span class='ocrx_word' id='word_1_165' title='bbox 1341 1187 1379 1216; x_wconf 87' lang='lat' dir='ltr'><strong>et</strong></span> <span class='ocrx_word' id='word_1_166' title='bbox 1399 1182 1550 1217; x_wconf 86' lang='lat' dir='ltr'><strong>eandem</strong></span> <span class='ocrx_word' id='word_1_167' title='bbox 1576 1182 1789 1229; x_wconf 81' lang='lat' dir='ltr'><strong>dignitatem</strong></span> <span class='ocrx_word' id='word_1_168' title='bbox 1809 1185 1854 1218; x_wconf 88' lang='lat' dir='ltr'><strong>ab</strong></span> 
     </span>
     <span class='ocr_line' id='line_1_18' title="bbox 173 1234 1332 1289; baseline 0.005 -18"><span class='ocrx_word' id='word_1_169' title='bbox 173 1236 316 1272; x_wconf 86' lang='lat' dir='ltr'><strong>Hasano</strong></span> <span class='ocrx_word' id='word_1_170' title='bbox 337 1237 495 1283; x_wconf 88' lang='lat' dir='ltr'><strong>accepit,</strong></span> <span class='ocrx_word' id='word_1_171' title='bbox 521 1249 630 1284; x_wconf 84' lang='lat' dir='ltr'><strong>quam</strong></span> <span class='ocrx_word' id='word_1_172' title='bbox 648 1238 758 1274; x_wconf 85' lang='lat' dir='ltr'><strong>frater</strong></span> <span class='ocrx_word' id='word_1_173' title='bbox 773 1239 951 1274; x_wconf 89' lang='lat' dir='ltr'><strong>Hafidhus</strong></span> <span class='ocrx_word' id='word_1_174' title='bbox 966 1245 1073 1275; x_wconf 89' lang='lat' dir='ltr'><strong>antea</strong></span> <span class='ocrx_word' id='word_1_175' title='bbox 1092 1248 1292 1289; x_wconf 89' lang='lat' dir='ltr'><strong>acceperat.</strong></span> <span class='ocrx_word' id='word_1_176' title='bbox 1323 1234 1332 1239; x_wconf 40' lang='lat'><strong>⁵*</strong></span> 
     </span>
    </p>

    <p class='ocr_par' dir='ltr' id='par_1_4' title="bbox 169 1297 1857 1773">
     <span class='ocr_line' id='line_1_19' title="bbox 218 1297 1853 1353; baseline 0.007 -22"><span class='ocrx_word' id='word_1_177' title='bbox 218 1297 308 1344; x_wconf 87' lang='lat' dir='ltr'><strong>Ejus</strong></span> <span class='ocrx_word' id='word_1_178' title='bbox 329 1309 414 1332; x_wconf 86' lang='lat' dir='ltr'><strong>vero</strong></span> <span class='ocrx_word' id='word_1_179' title='bbox 444 1299 583 1345; x_wconf 88' lang='lat' dir='ltr'><strong>perfida</strong></span> <span class='ocrx_word' id='word_1_180' title='bbox 600 1297 758 1334; x_wconf 87' lang='lat' dir='ltr'><strong>defectio</strong></span> <span class='ocrx_word' id='word_1_181' title='bbox 787 1300 1043 1335; x_wconf 87' lang='lat' dir='ltr'><strong>Mohammedis</strong></span> <span class='ocrx_word' id='word_1_182' title='bbox 1072 1302 1230 1337; x_wconf 87' lang='lat' dir='ltr'><strong>animum</strong></span> <span class='ocrx_word' id='word_1_183' title='bbox 1259 1305 1392 1349; x_wconf 80' lang='lat' dir='ltr'><strong>fregit3</strong></span> <span class='ocrx_word' id='word_1_184' title='bbox 1428 1305 1722 1353; x_wconf 82' lang='lat' dir='ltr'><strong>quandoquidem</strong></span> <span class='ocrx_word' id='word_1_185' title='bbox 1750 1308 1853 1342; x_wconf 79' lang='lat' dir='ltr'><strong>ambo</strong></span> 
     </span>
     <span class='ocr_line' id='line_1_20' title="bbox 169 1358 1857 1413; baseline 0.004 -19"><span class='ocrx_word' id='word_1_186' title='bbox 169 1358 299 1395; x_wconf 79' lang='lat' dir='ltr'><strong>fratres</strong></span> <span class='ocrx_word' id='word_1_187' title='bbox 317 1359 413 1393; x_wconf 90' lang='lat' dir='ltr'><strong>omni</strong></span> <span class='ocrx_word' id='word_1_188' title='bbox 435 1359 554 1394; x_wconf 85' lang='lat' dir='ltr'><strong>studio</strong></span> <span class='ocrx_word' id='word_1_189' title='bbox 571 1359 787 1400; x_wconf 87' lang='lat' dir='ltr'><strong>Dhasarum,</strong></span> <span class='ocrx_word' id='word_1_190' title='bbox 814 1360 918 1405; x_wconf 85' lang='lat' dir='ltr'><strong>cujus</strong></span> <span class='ocrx_word' id='word_1_191' title='bbox 951 1362 1060 1396; x_wconf 88' lang='lat' dir='ltr'><strong>situm</strong></span> <span class='ocrx_word' id='word_1_192' title='bbox 1085 1369 1122 1397; x_wconf 90' lang='lat' dir='ltr'><strong>et</strong></span> <span class='ocrx_word' id='word_1_193' title='bbox 1152 1370 1286 1399; x_wconf 86' lang='lat' dir='ltr'><strong>statum</strong></span> <span class='ocrx_word' id='word_1_194' title='bbox 1313 1366 1364 1399; x_wconf 92' lang='lat' dir='ltr'><strong>illi</strong></span> <span class='ocrx_word' id='word_1_195' title='bbox 1395 1366 1528 1410; x_wconf 85' lang='lat' dir='ltr'><strong>optime</strong></span> <span class='ocrx_word' id='word_1_196' title='bbox 1548 1372 1693 1407; x_wconf 85' lang='lat' dir='ltr'><strong>norant,</strong></span> <span class='ocrx_word' id='word_1_197' title='bbox 1721 1379 1857 1413; x_wconf 80' lang='lat' dir='ltr'><strong>oppug-</strong></span> 
     </span>
     <span class='ocr_line' id='line_1_21' title="bbox 171 1419 1856 1471; baseline 0.004 -17"><span class='ocrx_word' id='word_1_198' title='bbox 171 1419 327 1459; x_wconf 85' lang='lat' dir='ltr'><strong>nabant,</strong></span> <span class='ocrx_word' id='word_1_199' title='bbox 352 1425 395 1454; x_wconf 89' lang='lat' dir='ltr'><strong>ut</strong></span> <span class='ocrx_word' id='word_1_200' title='bbox 415 1421 466 1455; x_wconf 87' lang='lat' dir='ltr'><strong>ita</strong></span> <span class='ocrx_word' id='word_1_201' title='bbox 487 1421 622 1455; x_wconf 88' lang='lat' dir='ltr'><strong>sincere</strong></span> <span class='ocrx_word' id='word_1_202' title='bbox 642 1433 702 1454; x_wconf 89' lang='lat' dir='ltr'><strong>eos</strong></span> <span class='ocrx_word' id='word_1_203' title='bbox 728 1421 772 1454; x_wconf 88' lang='lat' dir='ltr'><strong>ad</strong></span> <span class='ocrx_word' id='word_1_204' title='bbox 793 1420 977 1454; x_wconf 84' lang='lat' dir='ltr'><strong>Hasanum</strong></span> <span class='ocrx_word' id='word_1_205' title='bbox 1006 1422 1186 1456; x_wconf 87' lang='lat' dir='ltr'><strong>transiisse</strong></span> <span class='ocrx_word' id='word_1_206' title='bbox 1215 1429 1368 1468; x_wconf 84' lang='lat' dir='ltr'><strong>pateret.</strong></span> <span class='ocrx_word' id='word_1_207' title='bbox 1421 1425 1586 1459; x_wconf 83' lang='lat' dir='ltr'><strong>Tradidit</strong></span> <span class='ocrx_word' id='word_1_208' title='bbox 1612 1437 1694 1471; x_wconf 84' lang='lat' dir='ltr'><strong>ergo</strong></span> <span class='ocrx_word' id='word_1_209' title='bbox 1726 1428 1856 1461; x_wconf 82' lang='lat' dir='ltr'><strong>castel-</strong></span> 
     </span>
     <span class='ocr_line' id='line_1_22' title="bbox 171 1479 1856 1522; baseline 0.005 -9"><span class='ocrx_word' id='word_1_210' title='bbox 171 1479 248 1513; x_wconf 86' lang='lat' dir='ltr'><strong>lum</strong></span> <span class='ocrx_word' id='word_1_211' title='bbox 264 1480 396 1514; x_wconf 89' lang='lat' dir='ltr'><strong>Sinano</strong></span> <span class='ocrx_word' id='word_1_212' title='bbox 414 1480 471 1514; x_wconf 91' lang='lat' dir='ltr'><strong>his</strong></span> <span class='ocrx_word' id='word_1_213' title='bbox 492 1479 780 1514; x_wconf 73' lang='lat' dir='ltr'><strong>conditionibus:</strong></span> <span class='ocrx_word' id='word_1_214' title='bbox 805 1483 849 1512; x_wconf 88' lang='lat' dir='ltr'><strong>ut</strong></span> <span class='ocrx_word' id='word_1_215' title='bbox 876 1479 952 1513; x_wconf 82' lang='lat' dir='ltr'><strong>vita</strong></span> <span class='ocrx_word' id='word_1_216' title='bbox 979 1487 1017 1515; x_wconf 90' lang='lat' dir='ltr'><strong>et</strong></span> <span class='ocrx_word' id='word_1_217' title='bbox 1043 1482 1138 1516; x_wconf 90' lang='lat' dir='ltr'><strong>bona</strong></span> <span class='ocrx_word' id='word_1_218' title='bbox 1167 1494 1231 1517; x_wconf 87' lang='lat' dir='ltr'><strong>sua</strong></span> <span class='ocrx_word' id='word_1_219' title='bbox 1259 1490 1296 1518; x_wconf 85' lang='lat' dir='ltr'><strong>et</strong></span> <span class='ocrx_word' id='word_1_220' title='bbox 1325 1495 1469 1519; x_wconf 85' lang='lat' dir='ltr'><strong>suorum</strong></span> <span class='ocrx_word' id='word_1_221' title='bbox 1494 1484 1613 1520; x_wconf 86' lang='lat' dir='ltr'><strong>forent</strong></span> <span class='ocrx_word' id='word_1_222' title='bbox 1638 1485 1735 1520; x_wconf 84' lang='lat' dir='ltr'><strong>salva</strong></span> <span class='ocrx_word' id='word_1_223' title='bbox 1761 1494 1797 1520; x_wconf 88' lang='lat' dir='ltr'><strong>et</strong></span> <span class='ocrx_word' id='word_1_224' title='bbox 1813 1494 1856 1522; x_wconf 80' lang='lat' dir='ltr'><strong>ut</strong></span> 
     </span>
     <span class='ocr_line' id='line_1_23' title="bbox 173 1537 1857 1590; baseline 0.004 -16"><span class='ocrx_word' id='word_1_225' title='bbox 173 1539 326 1574; x_wconf 86' lang='lat' dir='ltr'><strong>Sanaam</strong></span> <span class='ocrx_word' id='word_1_226' title='bbox 345 1537 542 1578; x_wconf 86' lang='lat' dir='ltr'><strong>habitaret,</strong></span> <span class='ocrx_word' id='word_1_227' title='bbox 568 1549 686 1584; x_wconf 83' lang='lat' dir='ltr'><strong>neque</strong></span> <span class='ocrx_word' id='word_1_228' title='bbox 707 1537 790 1571; x_wconf 88' lang='lat' dir='ltr'><strong>inde</strong></span> <span class='ocrx_word' id='word_1_229' title='bbox 809 1538 877 1572; x_wconf 90' lang='lat' dir='ltr'><strong>nisi</strong></span> <span class='ocrx_word' id='word_1_230' title='bbox 897 1550 979 1573; x_wconf 90' lang='lat' dir='ltr'><strong>cum</strong></span> <span class='ocrx_word' id='word_1_231' title='bbox 1002 1540 1163 1577; x_wconf 85' lang='lat' dir='ltr'><strong>Paschae</strong></span> <span class='ocrx_word' id='word_1_232' title='bbox 1185 1545 1291 1578; x_wconf 86' lang='lat' dir='ltr'><strong>venia</strong></span> <span class='ocrx_word' id='word_1_233' title='bbox 1320 1545 1561 1590; x_wconf 78' lang='lat' dir='ltr'><strong>egrederetur.</strong></span> <span class='ocrx_word' id='word_1_234' title='bbox 1613 1544 1759 1580; x_wconf 86' lang='lat' dir='ltr'><strong>Tradito</strong></span> <span class='ocrx_word' id='word_1_235' title='bbox 1780 1559 1857 1582; x_wconf 86' lang='lat' dir='ltr'><strong>cas-</strong></span> 
     </span>
     <span class='ocr_line' id='line_1_24' title="bbox 171 1596 1854 1651; baseline 0.004 -17"><span class='ocrx_word' id='word_1_236' title='bbox 171 1599 258 1634; x_wconf 82' lang='lat' dir='ltr'><strong>tello</strong></span> <span class='ocrx_word' id='word_1_237' title='bbox 286 1598 380 1632; x_wconf 89' lang='lat' dir='ltr'><strong>dono</strong></span> <span class='ocrx_word' id='word_1_238' title='bbox 406 1599 441 1632; x_wconf 89' lang='lat' dir='ltr'><strong>ei</strong></span> <span class='ocrx_word' id='word_1_239' title='bbox 468 1597 570 1631; x_wconf 89' lang='lat' dir='ltr'><strong>dedit</strong></span> <span class='ocrx_word' id='word_1_240' title='bbox 596 1596 758 1631; x_wconf 84' lang='lat' dir='ltr'><strong>Hasanus</strong></span> <span class='ocrx_word' id='word_1_241' title='bbox 786 1596 933 1633; x_wconf 88' lang='lat' dir='ltr'><strong>domum</strong></span> <span class='ocrx_word' id='word_1_242' title='bbox 960 1600 1120 1640; x_wconf 87' lang='lat' dir='ltr'><strong>Sanaae,</strong></span> <span class='ocrx_word' id='word_1_243' title='bbox 1155 1603 1322 1637; x_wconf 90' lang='lat' dir='ltr'><strong>omnibus</strong></span> <span class='ocrx_word' id='word_1_244' title='bbox 1359 1604 1404 1638; x_wconf 88' lang='lat' dir='ltr'><strong>iis</strong></span> <span class='ocrx_word' id='word_1_245' title='bbox 1438 1605 1652 1638; x_wconf 87' lang='lat' dir='ltr'><strong>instructam</strong></span> <span class='ocrx_word' id='word_1_246' title='bbox 1687 1619 1780 1651; x_wconf 84' lang='lat' dir='ltr'><strong>quae</strong></span> <span class='ocrx_word' id='word_1_247' title='bbox 1808 1611 1854 1643; x_wconf 80' lang='lat' dir='ltr'><strong>ad</strong></span> 
     </span>
     <span class='ocr_line' id='line_1_25' title="bbox 170 1655 1852 1704; baseline 0.005 -9"><span class='ocrx_word' id='word_1_248' title='bbox 170 1659 302 1697; x_wconf 71' lang='lat' dir='ltr'><strong>vitam,</strong></span> <span class='ocrx_word' id='word_1_249' title='bbox 339 1657 629 1692; x_wconf 87' lang='lat' dir='ltr'><strong>commoditatem</strong></span> <span class='ocrx_word' id='word_1_250' title='bbox 664 1661 702 1690; x_wconf 87' lang='lat' dir='ltr'><strong>et</strong></span> <span class='ocrx_word' id='word_1_251' title='bbox 737 1655 960 1702; x_wconf 83' lang='lat' dir='ltr'><strong>voluptatem</strong></span> <span class='ocrx_word' id='word_1_252' title='bbox 987 1659 1205 1696; x_wconf 88' lang='lat' dir='ltr'><strong>conducunt.</strong></span> <span class='ocrx_word' id='word_1_253' title='bbox 1265 1663 1385 1698; x_wconf 85' lang='lat' dir='ltr'><strong>Rediit</strong></span> <span class='ocrx_word' id='word_1_254' title='bbox 1423 1666 1544 1697; x_wconf 86' lang='lat' dir='ltr'><strong>autem</strong></span> <span class='ocrx_word' id='word_1_255' title='bbox 1579 1663 1777 1701; x_wconf 85' lang='lat' dir='ltr'><strong>Dhafarum</strong></span> <span class='ocrx_word' id='word_1_256' title='bbox 1805 1670 1852 1704; x_wconf 81' lang='lat' dir='ltr'><strong>ad</strong></span> 
     </span>
     <span class='ocr_line' id='line_1_26' title="bbox 171 1717 1850 1773; baseline 0.003 -17"><span class='ocrx_word' id='word_1_257' title='bbox 171 1719 364 1768; x_wconf 88' lang='lat' dir='ltr'><strong>imperium</strong></span> <span class='ocrx_word' id='word_1_258' title='bbox 383 1719 608 1754; x_wconf 88' lang='lat' dir='ltr'><strong>Sultanicum</strong></span> <span class='ocrx_word' id='word_1_259' title='bbox 627 1717 686 1752; x_wconf 87' lang='lat' dir='ltr'><strong>die</strong></span> <span class='ocrx_word' id='word_1_260' title='bbox 702 1727 740 1752; x_wconf 75' lang='lat' dir='ltr'><strong>XI</strong></span> <span class='ocrx_word' id='word_1_261' title='bbox 756 1719 888 1752; x_wconf 91' lang='lat' dir='ltr'><strong>mensis</strong></span> <span class='ocrx_word' id='word_1_262' title='bbox 909 1719 1188 1767; x_wconf 84' lang='lat' dir='ltr'><strong>Dzoulhidjdjae</strong></span> <span class='ocrx_word' id='word_1_263' title='bbox 1218 1723 1302 1756; x_wconf 89' lang='lat' dir='ltr'><strong>anni</strong></span> <span class='ocrx_word' id='word_1_264' title='bbox 1322 1722 1402 1757; x_wconf 82' lang='lat'>989.</span> <span class='ocrx_word' id='word_1_265' title='bbox 1433 1722 1485 1766; x_wconf 89' lang='lat' dir='ltr'><strong>(a.</strong></span> <span class='ocrx_word' id='word_1_266' title='bbox 1504 1723 1537 1757; x_wconf 89' lang='lat' dir='ltr'><strong>d.</strong></span> <span class='ocrx_word' id='word_1_267' title='bbox 1563 1723 1607 1759; x_wconf 89' lang='grc'><strong>18</strong></span> <span class='ocrx_word' id='word_1_268' title='bbox 1627 1725 1704 1761; x_wconf 86' lang='lat' dir='ltr'><strong>Jan.</strong></span> <span class='ocrx_word' id='word_1_269' title='bbox 1727 1727 1850 1773; x_wconf 71' lang='lat'><strong>1582.)</strong></span> 
     </span>
    </p>

    <p class='ocr_par' dir='ltr' id='par_1_5' title="bbox 167 1777 1851 2146">
     <span class='ocr_line' id='line_1_27' title="bbox 219 1777 1851 1830; baseline 0.003 -12"><span class='ocrx_word' id='word_1_270' title='bbox 219 1781 299 1818; x_wconf 88' lang='lat' dir='ltr'><strong>Non</strong></span> <span class='ocrx_word' id='word_1_271' title='bbox 316 1780 381 1815; x_wconf 90' lang='lat' dir='ltr'><strong>diu</strong></span> <span class='ocrx_word' id='word_1_272' title='bbox 398 1786 535 1818; x_wconf 87' lang='lat' dir='ltr'><strong>tamen,</strong></span> <span class='ocrx_word' id='word_1_273' title='bbox 560 1777 660 1825; x_wconf 90' lang='lat' dir='ltr'><strong>quod</strong></span> <span class='ocrx_word' id='word_1_274' title='bbox 684 1778 723 1813; x_wconf 90' lang='lat' dir='ltr'><strong>in</strong></span> <span class='ocrx_word' id='word_1_275' title='bbox 746 1780 901 1814; x_wconf 87' lang='lat' dir='ltr'><strong>transitu</strong></span> <span class='ocrx_word' id='word_1_276' title='bbox 928 1791 1132 1820; x_wconf 87' lang='lat' dir='ltr'><strong>monemus,</strong></span> <span class='ocrx_word' id='word_1_277' title='bbox 1168 1782 1434 1818; x_wconf 87' lang='lat' dir='ltr'><strong>Mohammcdes</strong></span> <span class='ocrx_word' id='word_1_278' title='bbox 1461 1783 1536 1817; x_wconf 85' lang='lat' dir='ltr'><strong>otio</strong></span> <span class='ocrx_word' id='word_1_279' title='bbox 1564 1786 1704 1830; x_wconf 85' lang='lat' dir='ltr'><strong>gavisus</strong></span> <span class='ocrx_word' id='word_1_280' title='bbox 1732 1795 1786 1822; x_wconf 89' lang='lat' dir='ltr'><strong>est</strong></span> <span class='ocrx_word' id='word_1_281' title='bbox 1814 1797 1851 1823; x_wconf 87' lang='lat' dir='ltr'><strong>ct</strong></span> 
     </span>
     <span class='ocr_line' id='line_1_28' title="bbox 169 1838 1847 1886; baseline 0.002 -7"><span class='ocrx_word' id='word_1_282' title='bbox 169 1843 350 1879; x_wconf 78' lang='lat' dir='ltr'><strong>libertate.</strong></span> <span class='ocrx_word' id='word_1_283' title='bbox 401 1841 487 1875; x_wconf 86' lang='lat' dir='ltr'><strong>Post</strong></span> <span class='ocrx_word' id='word_1_284' title='bbox 504 1850 637 1886; x_wconf 86' lang='lat' dir='ltr'><strong>paucos</strong></span> <span class='ocrx_word' id='word_1_285' title='bbox 650 1839 727 1884; x_wconf 82' lang='lat' dir='ltr'><strong>jam</strong></span> <span class='ocrx_word' id='word_1_286' title='bbox 746 1838 824 1873; x_wconf 90' lang='lat' dir='ltr'><strong>dies</strong></span> <span class='ocrx_word' id='word_1_287' title='bbox 844 1850 1002 1875; x_wconf 84' lang='lat' dir='ltr'><strong>rumores</strong></span> <span class='ocrx_word' id='word_1_288' title='bbox 1020 1848 1199 1876; x_wconf 85' lang='lat' dir='ltr'><strong>venerunt</strong></span> <span class='ocrx_word' id='word_1_289' title='bbox 1223 1843 1267 1877; x_wconf 87' lang='lat' dir='ltr'><strong>ad</strong></span> <span class='ocrx_word' id='word_1_290' title='bbox 1295 1844 1487 1882; x_wconf 87' lang='lat' dir='ltr'><strong>Pascham‚</strong></span> <span class='ocrx_word' id='word_1_291' title='bbox 1514 1857 1597 1879; x_wconf 91' lang='lat' dir='ltr'><strong>eum</strong></span> <span class='ocrx_word' id='word_1_292' title='bbox 1622 1846 1746 1883; x_wconf 91' lang='lat' dir='ltr'><strong>Alium</strong></span> <span class='ocrx_word' id='word_1_293' title='bbox 1761 1849 1847 1883; x_wconf 89' lang='lat' dir='ltr'><strong>Jah-</strong></span> 
     </span>
     <span class='ocr_line' id='line_1_29' title="bbox 167 1899 1848 1951; baseline 0.002 -11"><span class='ocrx_word' id='word_1_294' title='bbox 167 1906 263 1951; x_wconf 82' lang='lat' dir='ltr'><strong>jam‚</strong></span> <span class='ocrx_word' id='word_1_295' title='bbox 289 1903 466 1938; x_wconf 88' lang='lat' dir='ltr'><strong>Imamum</strong></span> <span class='ocrx_word' id='word_1_296' title='bbox 489 1901 673 1935; x_wconf 85' lang='lat' dir='ltr'><strong>Hasanum</strong></span> <span class='ocrx_word' id='word_1_297' title='bbox 692 1905 729 1935; x_wconf 91' lang='lat' dir='ltr'><strong>et</strong></span> <span class='ocrx_word' id='word_1_298' title='bbox 747 1899 950 1935; x_wconf 87' lang='lat' dir='ltr'><strong>Ahmedem</strong></span> <span class='ocrx_word' id='word_1_299' title='bbox 968 1912 1033 1946; x_wconf 87' lang='lat' dir='ltr'><strong>per</strong></span> <span class='ocrx_word' id='word_1_300' title='bbox 1060 1902 1200 1937; x_wconf 89' lang='lat' dir='ltr'><strong>litteras</strong></span> <span class='ocrx_word' id='word_1_301' title='bbox 1228 1904 1381 1939; x_wconf 85' lang='lat' dir='ltr'><strong>incitare</strong></span> <span class='ocrx_word' id='word_1_302' title='bbox 1410 1905 1455 1939; x_wconf 87' lang='lat' dir='ltr'><strong>ad</strong></span> <span class='ocrx_word' id='word_1_303' title='bbox 1483 1905 1617 1941; x_wconf 88' lang='lat' dir='ltr'><strong>bellum</strong></span> <span class='ocrx_word' id='word_1_304' title='bbox 1645 1908 1742 1942; x_wconf 90' lang='lat' dir='ltr'><strong>omni</strong></span> <span class='ocrx_word' id='word_1_305' title='bbox 1767 1921 1848 1943; x_wconf 86' lang='lat' dir='ltr'><strong>cum</strong></span> 
     </span>
     <span class='ocr_line' id='line_1_30' title="bbox 170 1961 1848 2015; baseline 0.002 -14"><span class='ocrx_word' id='word_1_306' title='bbox 170 1965 290 2001; x_wconf 86' lang='lat' dir='ltr'><strong>studio</strong></span> <span class='ocrx_word' id='word_1_307' title='bbox 309 1963 512 2010; x_wconf 87' lang='lat' dir='ltr'><strong>gerendum.</strong></span> <span class='ocrx_word' id='word_1_308' title='bbox 562 1961 641 1996; x_wconf 91' lang='lat' dir='ltr'><strong>Non</strong></span> <span class='ocrx_word' id='word_1_309' title='bbox 658 1974 744 1997; x_wconf 81' lang='lat' dir='ltr'><strong>vero</strong></span> <span class='ocrx_word' id='word_1_310' title='bbox 762 1963 806 1997; x_wconf 89' lang='lat' dir='ltr'><strong>iis</strong></span> <span class='ocrx_word' id='word_1_311' title='bbox 825 1961 935 1996; x_wconf 86' lang='lat' dir='ltr'><strong>fidem</strong></span> <span class='ocrx_word' id='word_1_312' title='bbox 953 1961 1056 1998; x_wconf 84' lang='lat' dir='ltr'><strong>dedit</strong></span> <span class='ocrx_word' id='word_1_313' title='bbox 1082 1964 1237 2004; x_wconf 82' lang='lat' dir='ltr'><strong>Pascha,</strong></span> <span class='ocrx_word' id='word_1_314' title='bbox 1262 1965 1378 2000; x_wconf 86' lang='lat' dir='ltr'><strong>donec</strong></span> <span class='ocrx_word' id='word_1_315' title='bbox 1403 1966 1636 2013; x_wconf 82' lang='lat' dir='ltr'><strong>interceperit</strong></span> <span class='ocrx_word' id='word_1_316' title='bbox 1671 1970 1848 2015; x_wconf 80' lang='lat' dir='ltr'><strong>ejusmodi</strong></span> 
     </span>
     <span class='ocr_line' id='line_1_31' title="bbox 170 2023 1847 2075; baseline 0.002 -14"><span class='ocrx_word' id='word_1_317' title='bbox 170 2026 376 2073; x_wconf 84' lang='lat' dir='ltr'><strong>epistolam,</strong></span> <span class='ocrx_word' id='word_1_318' title='bbox 409 2023 665 2059; x_wconf 89' lang='lat' dir='ltr'><strong>Mohammedis</strong></span> <span class='ocrx_word' id='word_1_319' title='bbox 692 2024 803 2070; x_wconf 86' lang='lat' dir='ltr'><strong>ipsius</strong></span> <span class='ocrx_word' id='word_1_320' title='bbox 827 2034 937 2058; x_wconf 85' lang='lat' dir='ltr'><strong>manu</strong></span> <span class='ocrx_word' id='word_1_321' title='bbox 955 2023 1131 2071; x_wconf 86' lang='lat' dir='ltr'><strong>scriptam.</strong></span> <span class='ocrx_word' id='word_1_322' title='bbox 1184 2026 1285 2061; x_wconf 94' lang='lat' dir='ltr'><strong>Tunc</strong></span> <span class='ocrx_word' id='word_1_323' title='bbox 1304 2028 1510 2062; x_wconf 90' lang='lat' dir='ltr'><strong>convictum</strong></span> <span class='ocrx_word' id='word_1_324' title='bbox 1529 2034 1567 2062; x_wconf 90' lang='lat' dir='ltr'><strong>et</strong></span> <span class='ocrx_word' id='word_1_325' title='bbox 1590 2030 1730 2075; x_wconf 89' lang='lat' dir='ltr'><strong>culpam</strong></span> <span class='ocrx_word' id='word_1_326' title='bbox 1763 2043 1847 2066; x_wconf 83' lang='lat' dir='ltr'><strong>con—</strong></span> 
     </span>
     <span class='ocr_line' id='line_1_32' title="bbox 172 2083 1848 2146; baseline 0.003 -25"><span class='ocrx_word' id='word_1_327' title='bbox 172 2086 305 2121; x_wconf 82' lang='lat' dir='ltr'><strong>fessum</strong></span> <span class='ocrx_word' id='word_1_328' title='bbox 322 2085 361 2118; x_wconf 88' lang='lat' dir='ltr'><strong>in</strong></span> <span class='ocrx_word' id='word_1_329' title='bbox 378 2096 557 2119; x_wconf 85' lang='lat' dir='ltr'><strong>carcerem</strong></span> <span class='ocrx_word' id='word_1_330' title='bbox 573 2084 705 2131; x_wconf 90' lang='lat' dir='ltr'><strong>conjici</strong></span> <span class='ocrx_word' id='word_1_331' title='bbox 719 2083 828 2130; x_wconf 87' lang='lat' dir='ltr'><strong>jussit</strong></span> <span class='ocrx_word' id='word_1_332' title='bbox 847 2088 885 2117; x_wconf 90' lang='lat' dir='ltr'><strong>et</strong></span> <span class='ocrx_word' id='word_1_333' title='bbox 904 2083 1058 2119; x_wconf 86' lang='lat' dir='ltr'><strong>vinculis</strong></span> <span class='ocrx_word' id='word_1_334' title='bbox 1075 2085 1249 2128; x_wconf 84' lang='lat' dir='ltr'><strong>detineri,</strong></span> <span class='ocrx_word' id='word_1_335' title='bbox 1276 2087 1390 2124; x_wconf 85' lang='lat' dir='ltr'><strong>donec</strong></span> <span class='ocrx_word' id='word_1_336' title='bbox 1406 2087 1501 2124; x_wconf 84' lang='lat' dir='ltr'><strong>diem</strong></span> <span class='ocrx_word' id='word_1_337' title='bbox 1524 2101 1727 2136; x_wconf 88' lang='lat' dir='ltr'><strong>supremum</strong></span> <span class='ocrx_word' id='word_1_338' title='bbox 1747 2091 1848 2146; x_wconf 79' lang='lat' dir='ltr'><strong>obie-¹</strong></span> 
     </span>
    </p>
   </div>
   <div class='ocr_carea' id='block_1_3' title="bbox 173 2144 1846 2259">
    <p class='ocr_par' dir='ltr' id='par_1_6' title="bbox 173 2144 1846 2259">
     <span class='ocr_line' id='line_1_33' title="bbox 173 2144 1054 2191; baseline 0.002 -11"><span class='ocrx_word' id='word_1_339' title='bbox 173 2145 222 2181; x_wconf 86' lang='lat' dir='ltr'><strong>rit</strong></span> <span class='ocrx_word' id='word_1_340' title='bbox 243 2155 364 2179; x_wconf 89' lang='lat' dir='ltr'><strong>mense</strong></span> <span class='ocrx_word' id='word_1_341' title='bbox 383 2144 570 2180; x_wconf 82' lang='lat' dir='ltr'><strong>Schabano</strong></span> <span class='ocrx_word' id='word_1_342' title='bbox 588 2145 672 2180; x_wconf 84' lang='lat' dir='ltr'><strong>anni</strong></span> <span class='ocrx_word' id='word_1_343' title='bbox 686 2144 767 2180; x_wconf 84' lang='lat'>991.</span> <span class='ocrx_word' id='word_1_344' title='bbox 787 2145 905 2191; x_wconf 88' lang='lat' dir='ltr'><strong>(Sept.</strong></span> <span class='ocrx_word' id='word_1_345' title='bbox 928 2144 1054 2191; x_wconf 78' lang='grc'><strong>1583.)</strong></span> 
     </span>
     <span class='ocr_line' id='line_1_34' title="bbox 1691 2222 1846 2259; baseline 0.013 -2"><span class='ocrx_word' id='word_1_346' title='bbox 1691 2222 1846 2259; x_wconf 89' lang='lat' dir='ltr'><strong>CAPUT</strong></span> 
     </span>
    </p>
   </div>
   <div class='ocr_carea' id='block_1_4' title="bbox 223 2329 359 2378">
    <p class='ocr_par' dir='ltr' id='par_1_7' title="bbox 223 2329 359 2378">
     <span class='ocr_line' id='line_1_35' title="bbox 223 2329 359 2378; baseline 0 -24"><span class='ocrx_word' id='word_1_347' title='bbox 223 2336 235 2354; x_wconf 78' lang='lat' dir='ltr'><strong>a</strong></span> <span class='ocrx_word' id='word_1_348' title='bbox 251 2329 359 2378; x_wconf 44' lang='lat' dir='ltr'><strong>oms&gt;</strong></span> 
     </span>
    </p>
   </div>
  </div>
 </body>
</html>
