2055 2865
934 159 1243 194 —152—

241 258 305 299 kgaa
328 255 369 287 ad
394 254 587 287 antecedens
608 260 705 301 335³?
734 255 847 292 retuli,
873 259 904 286 et
935 255 998 286 hoc
1023 255 1198 297 significari
1225 254 1267 285 ab
1294 253 1435 286 Auctore
1460 257 1603 289 existimo
1619 282 1626 296 ,
1661 258 1817 300 pecuniae
1841 270 1928 293 sum-

239 326 344 351 mam,
371 314 551 346 hominibus
575 314 636 345 illis
670 325 688 345 a
714 314 836 346 Pascha
872 325 1082 352 concessam,
1107 316 1151 346 ita
1182 314 1276 344 fuisse
1305 314 1502 354 singulorum
1536 317 1659 348 damnis
1690 320 1921 352 accommoda-

238 377 326 407 tam,
352 374 387 400 ut
404 371 460 412 qui
484 371 591 411 plures
613 380 714 402 annos
738 380 756 401 e
786 371 892 412 patrio
916 372 985 402 solo
1015 373 1136 403 exsules
1167 371 1360 407 abfuissent,
1388 369 1434 400 his
1458 369 1490 401 in
1511 371 1617 412 plures
1647 384 1748 405 annos
1779 377 1921 415 futuros,

239 425 296 468 qui
328 427 519 468 pauciores,
553 426 600 457 his
631 428 663 458 in
696 427 865 469 pauciores
905 427 1019 457 eadem
1053 428 1190 469 pecunia
1228 428 1460 468 assignaretur:
1494 428 1580 458 unde
1613 440 1811 471 consequens
1839 434 1921 471 fuit,

240 495 315 516 cum
340 484 487 525 plerique
514 493 624 514 eorum
655 483 820 514 hominum
841 482 913 524 jam
937 483 978 514 ab
1009 484 1102 515 initio
1126 484 1201 514 inde
1226 483 1382 514 bellorum
1406 484 1490 515 inter
1517 484 1763 517 Mothahhrrum
1786 488 1924 520 Schara.

239 539 369 571 foddiui
398 539 500 570 filium
525 544 556 570 et
578 540 718 570 diversos
749 540 929 570 Praefectos
958 539 1156 570 Otsmanicos
1184 540 1337 581 deinceps
1367 545 1527 581 gestorum
1553 545 1647 582 (ergo
1680 543 1806 573 circiter
1828 544 1870 574 ab
1893 556 1924 577 a.

241 597 317 627 inde
339 596 424 633 950,
459 607 526 638 quo
556 595 784 627 Mothahherus
811 595 924 625 lmzimi
954 589 1112 636 dignitate
1134 602 1266 628 ornatus
1295 597 1400 627 statim
1431 598 1621 628 acerrimum
1653 598 1775 629 hostem
1808 601 1926 633 Turcis

239 662 272 683 se
295 652 464 695 praebuit:
490 652 577 683 conf.
602 662 698 693 supra
723 663 754 691 p.
774 651 815 691 2)
842 652 969 681 sedibus
994 652 1056 681 suis
1080 653 1202 692 expulsi
1227 652 1374 689 fuissent,
1400 657 1433 683 ut
1458 663 1543 683 anno
1564 652 1627 685 989
1650 657 1807 686 revocatis
1833 657 1927 689 circi-

241 714 289 740 ter
313 709 346 739 in
368 710 411 740 39
442 719 541 739 annos
568 708 605 738 iis
638 706 833 737 beneficium
864 705 944 737 illud
977 707 1238 739 constitueretur.
1292 708 1339 739 De
1368 708 1522 739 industria
1557 714 1665 740 autem
1699 710 1784 742 hunc
1817 712 1925 744 locum

243 766 427 797 accuratius
462 764 621 805 explicui,
652 773 692 793 ne
722 763 816 804 quis,
849 763 882 793 in
912 763 1092 793 universum
1126 764 1261 804 quidem
1295 764 1431 794 eundem
1460 774 1583 795 sensum
1617 766 1644 796 ei
1673 767 1814 798 tribuens
1844 769 1925 810 (qui

242 821 339 852 etiam
365 831 457 860 supra
472 843 481 857 ,
506 821 538 851 in
562 831 595 860 p.
615 818 673 855 24,
698 818 780 849 bene
801 829 964 860 expressus
985 819 1072 859 cst),
1098 820 1209 851 ultima
1237 825 1344 850 tamen
1366 819 1464 850 verba
1488 821 1572 850 male
1595 829 1786 862 exponeret:
1810 835 1926 866 nempe

242 887 282 908 ne
308 877 402 917 quis,
426 886 606 917 pronomen
630 876 662 906 t>
686 876 718 906 in
748 875 812 917 [μή
836 875 879 905 ad
906 876 1056 906 remotius
1079 876 1173 923 03⁴⁸„
1198 882 1264 926 &rs—’⁵
1288 876 1446 912 referens,
1470 876 1567 907 verba
1591 877 1644 906 illa
1675 877 1720 907 sic
1743 879 1927 919 simpliciter

241 936 396 968 vertenda
427 940 590 968 censeret:
618 935 778 978 plerique
810 939 922 966 autem
951 947 1065 967 eorum
1087 936 1167 978 jam
1187 939 1231 969 39
1260 946 1372 968 annos
1405 946 1448 967 ex
1476 937 1520 967 z'z's
1552 935 1680 976 (vz'ez's)
1719 936 1924 977 abfuerant,

244 1007 336 1049 quasi
359 1018 407 1038 ex.
419 1016 467 1047 gr.
490 1006 629 1037 Arabice
651 1006 760 1037 dicere
780 1016 904 1047 posses:
928 991 1107 1054 (5me
1136 1000 1231 1057 6λὲζῦ
1254 994 1304 1056 (05⁶
1322 1006 1370 1057 65
1391 1005 1467 1054 υἱέ,
1494 1004 1574 1037 haec
1595 1005 1709 1037 Latina
1732 1008 1923 1049 exprimens:

247 1089 344 1119 domo
368 1085 469 1126 abfui
488 1087 600 1117 decem
623 1096 747 1118 anno-9.
793 1086 832 1117 H.
858 1086 892 1118 E.
917 1086 988 1128 W.]

289 1145 381 1185 Pag.
404 1142 457 1173 26.
504 1142 672 1184 Mustapha
697 1143 720 1175 f.
744 1142 890 1180 Tliahiri,
918 1142 1010 1184 cujus
1034 1153 1082 1174 res
1107 1148 1214 1184 gestae
1237 1143 1296 1175 sub
1319 1143 1435 1175 Hasani
1458 1143 1600 1175 Paschae
1622 1145 1822 1186 praefectura
1850 1146 1919 1177 fue·-

246 1205 324 1232 runt
357 1199 536 1234 maximae,
581 1199 665 1228 solus
694 1209 731 1229 ex
768 1199 916 1229 omnibus
947 1199 1168 1240 principibus,
1213 1201 1269 1241 qui
1300 1200 1363 1231 hoc
1397 1204 1540 1239 tempore
1574 1201 1607 1230 in
1641 1201 1774 1232 Jemana
1813 1203 1925 1243 aliquo

247 1265 378 1288 munere
412 1254 527 1293 ornati,
546 1258 658 1290 erant,
691 1264 758 1284 non
779 1254 820 1285 ab
844 1255 972 1286 Hasano
999 1261 1171 1296 acceperat
1194 1256 1385 1296 dignitatem
1413 1265 1525 1291 suam,
1551 1265 1656 1296 neque
1684 1257 1725 1287 ab
1758 1257 1814 1287 illo
1848 1268 1929 1298 pen-

249 1313 369 1349 debat,
396 1319 539 1352 quocum
569 1309 601 1340 in
630 1309 800 1340 Jemanam
830 1311 1015 1342 advenerat.
1070 1311 1160 1342 Licet
1189 1311 1274 1341 enim
1304 1310 1346 1340 ab
1377 1311 1475 1341 altera
1504 1316 1596 1351 parte
1626 1312 1768 1343 Paschae
1797 1313 1929 1345 obedire

250 1368 421 1403 debuerit,
446 1365 487 1396 ab
514 1365 613 1396 altera
639 1370 745 1397 tamen
768 1371 859 1407 parte
884 1365 979 1408 juxta
1002 1368 1094 1398 illum
1117 1378 1133 1398 a
1159 1366 1296 1398 Sullano
1322 1370 1390 1396 erat
1415 1366 1552 1406 positus,
1577 1372 1612 1396 ut
1635 1368 1678 1398 ad
1701 1369 1840 1409 regimen
1862 1369 1931 1411 ejus

198 1448 203 1453 ι
249 1432 281 1458 et
302 1426 481 1457 universam
499 1421 617 1462 agendi
639 1423 796 1453 rationem
818 1423 960 1454 animum
980 1424 1178 1460 attenderet,
1202 1427 1233 1453 et
1254 1423 1294 1453 de
1315 1421 1464 1452 omnibus
1483 1432 1567 1463 quae
1589 1433 1606 1452 a
1630 1423 1755 1454 Pascha
1774 1426 1930 1465 gereban-

251 1490 303 1515 tur
329 1481 371 1512 ad
395 1479 565 1509 Sultanum
586 1477 729 1512 referret.
773 1479 867 1509 Moris
886 1480 969 1510 enim
990 1485 1058 1511 erat
1082 1480 1237 1511 Sultanici
1261 1479 1502 1510 provinciarum
1525 1478 1732 1510 Praetoribus
1755 1479 1932 1522 adjungere

248 1541 351 1571 fidum
374 1535 539 1578 quendam
573 1535 751 1567 ministrum
778 1536 974 1567 Defterdarii
997 1548 1021 1568 s.
1049 1537 1273 1568 Thes-aurarii
1299 1536 1450 1571 nomine,
1483 1535 1538 1576 qui
1571 1541 1718 1572 curaret,
1744 1547 1805 1572 ne,
1829 1537 1930 1568 inscio

253 1597 406 1629 Sultano,
432 1591 563 1623 nimiam
586 1590 644 1620 sibi
666 1599 830 1633 arrogaret
852 1594 977 1625 Pascha
1002 1595 1198 1635 potentiam,
1224 1604 1330 1634 neque
1349 1592 1390 1623 ab
1414 1592 1570 1633 obsequio
1589 1592 1712 1623 Sullani
1732 1593 1932 1634 aliquatenus

251 1650 437 1682 recederet:
470 1647 560 1686 quod
591 1646 666 1676 lieet
696 1648 728 1678 in
761 1649 961 1680 dissitissimis
990 1650 1161 1690 provinciis
1193 1650 1318 1690 saepius
1342 1659 1398 1690 per
1425 1648 1621 1679 Pascharum
1652 1651 1830 1690 potentiam
1858 1650 1932 1681 red-

254 1710 384 1738 deretur
407 1703 618 1733 frustraneum
640 1706 671 1732 et
702 1713 937 1745 nonnunquam
967 1715 1025 1745 per
1046 1705 1252 1735 Sultanorum
1282 1704 1465 1735 socordiam
1490 1705 1719 1745 negligeretur,
1745 1707 1777 1736 in
1798 1707 1931 1737 Jemana

255 1770 365 1795 tamen
394 1758 504 1790 adhue
530 1762 715 1788 constanter
738 1758 894 1790 habuerat
921 1761 1042 1792 locum.
1088 1761 1231 1791 Hasanus
1260 1765 1366 1790 tamen
1389 1770 1428 1790 eo
1455 1759 1575 1791 honore
1599 1771 1703 1802 eaque
1738 1763 1932 1792 liberalitate

256 1816 457 1859 Mustapham
487 1818 555 1844 erat
578 1818 783 1854 prosecutus,
809 1820 843 1845 ut
872 1817 1004 1847 omnino
1034 1827 1163 1848 securus
1190 1827 1256 1847 esse
1276 1821 1380 1858 posset
1404 1815 1445 1846 de
1467 1815 1536 1857 ejus
1558 1827 1633 1858 erga
1658 1827 1688 1847 se
1708 1817 1773 1847 fide
1794 1823 1824 1848 et
1847 1819 1928 1848 ami-

259 1876 348 1908 citia.
404 1873 558 1902 Intererat
585 1880 660 1901 vero
692 1870 859 1911 Mustapha
892 1882 957 1903 non
993 1877 1115 1902 tantum
1151 1874 1184 1903 in
1215 1878 1347 1909 senatu,
1382 1872 1436 1902 sed
1471 1878 1567 1903 etiam
1605 1874 1637 1903 in
1668 1873 1754 1903 bello
1787 1875 1934 1904 omnibus

259 1931 402 1965 Paschae
431 1927 594 1963 consiliis,
624 1937 724 1967 quum
750 1927 939 1958 Defterdarii
968 1932 1000 1958 et
1027 1927 1159 1958 Nadhiri
1184 1939 1208 1959 s.
1233 1929 1448 1969 [aspectoris
1478 1931 1652 1969 copiarum
1675 1929 1935 1960 Sullanis-arum

263 1990 391 2022 curaret
420 1993 572 2021 munera3
606 1983 638 2014 in
672 1983 789 2024 quibus
820 1985 909 2025 quali
943 1984 1133 2025 adjumento
1162 1984 1255 2015 fuerit
1284 1985 1411 2015 Hasano
1441 1984 1601 2021 Paschae,
1637 1985 1715 2024 nihil
1740 1986 1861 2015 adtinet
1884 1985 1938 2016 hic

262 2048 425 2087 repetere,
451 2050 551 2081 quum
578 2038 646 2080 ejus
666 2049 714 2070 res
735 2044 838 2081 gestas
862 2040 893 2071 in
916 2040 1046 2072 historia
1075 2042 1321 2082 exposuerimus.
1371 2042 1557 2081 Antequam
1579 2040 1621 2070 ad
1645 2040 1728 2071 hanc
1746 2041 1779 2071 in
1799 2042 1935 2072 Jemana

264 2100 454 2143 dignitatem
486 2106 503 2125 a
529 2095 662 2125 Sultano
688 2094 889 2133 eveheretur,
910 2096 1013 2137 judex
1035 2097 1138 2127 fuerat
1169 2098 1201 2129 in
1220 2097 1444 2139 jurisdictione
1468 2097 1638 2127 Tirkhalae
1663 2098 1726 2127 sive
1747 2097 1934 2134 Trikhalae,

264 2159 391 2203 3:255),
422 2152 510 2183 urbis
537 2150 716 2182 Thessaliae
753 2152 852 2193 (olim
884 2152 1037 2194 Triccae)
1073 2160 1172 2194 prope
1195 2153 1437 2185 Jenischehrum
1461 2154 1526 2185 sive
1563 2153 1728 2184 Larissam.
1773 2153 1933 2184 Tirhalam

265 2213 328 2242 sive
366 2210 528 2241 Trikalam
568 2218 641 2238 eam
672 2208 783 2239 urbem
816 2214 985 2250 nuncupat
1028 2210 1215 2240 Hammerus
1256 2210 1375 2242 Geso-h.
1411 2211 1444 2242 d.
1478 2210 1568 2242 Osm.
1601 2210 1641 2241 R.
1672 2210 1704 2240 T.
1727 2210 1752 2240 Ι.
1786 2221 1818 2251 p.
1849 2208 1933 2244 249,

267 2278 402 2307 eamque
426 2266 515 2296 Tom.
538 2264 592 2294 IX.
625 2275 646 2305 p
676 2265 697 2296 3
719 2269 751 2296 et
783 2265 838 2302 10,
862 2265 944 2296 inter
973 2266 1140 2307 primarias
1164 2265 1343 2298 Roumiliae
1367 2271 1508 2298 recenset
1531 2266 1771 2309 jurisdictiones
1798 2270 1828 2296 et
1855 2264 1937 2295 San-

265 2322 421 2365 djakbegi
444 2322 521 2353 dicit
543 2321 663 2354 sedem.

1842 2362 1933 2404 pag.
