2055 2865
834 127 1141 166 -157—

149 240 179 268 et
206 233 386 265 inaccessus
416 233 474 261 est.
507 232 549 252 '·-
578 228 615 260 In
642 238 686 262 vs.
706 229 728 262 6
748 239 816 272 seq.
846 230 943 262 verba
967 216 1042 262 ..133
1069 230 1099 262 t..
1121 228 1244 277 ..2539
1273 228 1337 259 hoc
1357 228 1561 270 significant:
1595 230 1644 263 Ec
1666 235 1825 264 narravit

146 297 268 326 auctor
286 309 329 313 —
345 308 410 326 —-,
432 288 493 320 ubi
516 288 557 320 de
580 288 709 320 Modao
734 288 888 331 loquitur
916 294 949 320 et
979 291 1043 322 Ιιοο
1068 290 1246 323 castellum
1267 289 1474 321 altissimum
1494 301 1569 323 esse
1601 291 1710 332 refert
1734 295 1825 324 inter

146 360 241 382 arces
275 349 312 378 in
337 345 502 376 monlami
536 344 703 378 Jemanae
728 349 834 387 parte
869 346 978 383 silas,
1013 349 1192 388 sequentia
1217 357 1305 389 quae
1331 348 1418 388 ipsis
1451 346 1548 378 illius
1570 349 1682 380 verbis
1709 350 1826 381 trade-

145 427 232 450 mus,
262 433 304 439 —
336 413 382 444 De
408 412 483 444 loco
507 417 616 443 autem
645 412 724 449 illo,
748 412 874 444 videtur
899 411 979 443 mihi
1010 413 1169 453 protasis,
1199 424 1284 455 quae
1307 414 1414 444 statim
1435 414 1468 445 in
1488 415 1597 452 initio,
1623 426 1667 447 vs.
1691 416 1712 448 7
1733 439 1743 454 ‚
1767 426 1824 458 per

144 486 339 531 particulam
362 472 402 517 ὡ
426 483 598 518 formatur,
621 482 802 513 continuari
820 482 864 512 ad
882 492 923 513 vs.
936 481 978 514 14
999 493 1119 524 usque.
1133 487 1165 513 et
1185 483 1218 513 in
1237 483 1300 514 hoc
1323 493 1342 514 a
1363 484 1462 515 verbo
1486 483 1549 521 &tiis
1573 486 1724 527 apodosis
1741 487 1822 518 inci-

145 550 239 584 pere,
264 543 299 569 ut
320 547 396 578 ergo
417 537 540 568 diversa
561 535 737 566 sententiae
754 534 898 565 membra
916 535 962 566 sic
982 536 1066 567 inter
1088 546 1121 567 se
1141 535 1362 567 cohaereant:
1383 536 1573 578 Postquam
1595 544 1827 571 convenerant

144 597 283 629 Emirus
305 593 416 633 Jahja
438 608 481 616 -
503 596 536 622 et
550 590 777 632 filgl‘fratrl's
808 590 886 632 ejus
914 602 988 622 cum
1010 592 1104 633 Rege
1127 610 1170 615 —
1192 592 1228 622 in
1250 591 1458 622 as-Saboulo
1482 610 1521 616 —
1544 595 1584 625 cle
1616 597 1827 636 spondendz's

145 653 213 683 sibi
231 651 373 680 invicem
400 647 540 678 solenni
555 647 799 689 jurejurando
820 658 882 688 ope
907 651 940 678 et
966 648 1118 686 auxilio,
1145 646 1308 689 (nempe)
1335 646 1631 689 St'Aegyptl'Orum
1656 654 1827 684 exercitas

144 708 324 740 Jemanam
348 705 642 746 aggrederentur,
668 714 705 735 se
728 705 765 733 in
790 703 876 734 bello
899 715 974 735 cum
1005 706 1049 735 iz's
1069 704 1222 747 gerendo
1251 704 1499 745 conjuncturos
1522 715 1596 738 esse
1626 710 1715 739 vires
1740 720 1824 740 suas

146 764 258 807 (conf.
282 762 372 803 quod
395 761 437 791 ad
469 765 660 802 potestatem
687 759 832 801 perfecto
866 761 944 804 532·ss
977 760 1031 793 hic
1055 761 1207 792 tributam
1238 761 1372 798 attinet,
1397 761 1481 791 infra
1507 765 1686 795 consimiles
1709 766 1773 797 loci
1795 767 1829 799 in

144 823 215 854 init.
239 831 314 852 ann.
342 819 385 850 ad
407 830 441 859 p.
462 818 500 849 41
526 829 571 850 VS.
597 820 659 857 29,
685 825 715 850 et
736 821 769 851 in
800 831 876 852 ann.
901 821 944 852 ad
973 833 1006 864 p.
1027 821 1069 855 74
1091 826 1121 852 et
1146 820 1189 851 ad
1214 832 1247 862 p.
1272 820 1334 862 79)
1368 826 1400 853 et
1424 822 1615 854 donaverat
1637 824 1710 857 Rex
1733 841 1772 849 —
1796 832 1829 858 et

148 877 414 919 confirmaverat
439 885 496 905 eos
519 893 562 898 --
592 880 626 906 et
656 879 839 907 exstiterat
863 877 976 919 (inter
1001 877 1105 918 illos)
1128 876 1365 918 familiaritas
1392 883 1425 910 et
1457 879 1597 910 liberior
1626 881 1830 922 confabula-

146 937 212 972 tio,
243 934 332 964 dixit
353 931 494 963 Emirus
516 939 602 963 caet.
655 932 812 963 Usitatum
844 938 951 965 autem
984 944 1071 972 esse,
1103 935 1290 974 praesertim
1319 935 1406 975 apud
1432 937 1627 968 recentiores
1659 940 1832 981 scriptores

147 998 179 1023 et
205 990 292 1032 apud
319 989 398 1019 tales
420 998 558 1028 quorum
589 989 676 1020 stilus
708 1000 726 1020 a
751 1000 897 1021 sermone
920 991 1005 1031 vulgi
1030 990 1162 1030 propius
1192 989 1302 1026 abest,
1328 995 1362 1020 ut
1392 991 1488 1022 verbo
1519 993 1611 1033 quod
1638 995 1670 1025 in
1695 997 1831 1037 apodosi

146 1048 287 1091 primum
315 1046 375 1082 sit,
408 1045 604 1086 particulam
626 1052 664 1081 Q
686 1046 892 1088 praefigant,
915 1056 1191 1088 supervacaneum
1215 1045 1339 1076 videtur
1366 1047 1474 1078 multis
1500 1051 1652 1091 exemplis
1679 1062 1831 1094 compro·

146 1108 246 1139 bare:
280 1116 381 1148 quare
411 1116 510 1136 unum
545 1110 669 1137 tantum
699 1108 807 1138 locum
835 1106 965 1142 citabo,
999 1104 1137 1136 Wakid.
1169 1119 1234 1154 μ
1266 1110 1345 1159 ἶφι»
1378 1118 1412 1148 p.
1447 1107 1526 1138 113.
1559 1109 1589 1140 7.
1645 1108 1684 1140 In
1722 1121 1763 1141 vs.
1792 1112 1829 1142 ll

148 1168 279 1210 conjeci
300 1166 434 1199 verbnm
456 1167 549 1201 vu>
571 1168 603 1197 in
627 1167 662 1198 82
683 1165 786 1197 forma
814 1164 1045 1196 restituendum
1069 1174 1155 1201 esse,
1180 1176 1267 1206 quae
1288 1167 1451 1207 quidem'
1442 1178 1475 1198 ln
1499 1168 1620 1198 Lexicis
1642 1178 1708 1199 non
1735 1169 1834 1203 offen.

151 1229 258 1264 ditur,
286 1231 317 1257 at
347 1226 400 1256 cui
429 1236 486 1267 per
508 1226 638 1266 linguae
665 1225 851 1267 analogiam
877 1225 991 1256 eadem
1022 1225 1067 1255 vis
1089 1229 1188 1266 atque
1217 1226 1267 1256 fiae
1285 1226 1403 1267 subjici
1425 1227 1549 1267 potuit:
1574 1227 1662 1258 conf.
1686 1231 1834 1271 exempla

143 1295 171 1315 a
194 1284 301 1324 Sacyo
331 1282 429 1312 allata
458 1282 491 1313 in
518 1281 577 1313 Gr.
603 1280 664 1312 Ar.
688 1282 715 1312 Ι.
745 1292 776 1322 p.
803 1281 864 1312 138
896 1281 934 1312 N.
957 1282 1037 1317 297,
1071 1287 1102 1312 et
1130 1281 1212 1312 infra
1238 1283 1272 1313 in
1297 1293 1340 1313 VS.
1367 1282 1406 1314 17
1430 1292 1501 1312 usus
1519 1282 1568 1313 8¹8
1588 1283 1710 1315 formae
1732 1289 1838 1333 ὠμῶς,

150 1341 249 1376 Verbi
272 1355 330 1391 πω
354 1340 456 1370 forma
480 1342 513 1371 3²
530 1364 537 1377 ‚
563 1351 664 1381 quam
693 1340 726 1371 in
755 1350 798 1371 vs.
824 1340 864 1370 12
889 1340 940 1381 (et
964 1340 1048 1371 infra
1082 1341 1115 1371 in
1139 1351 1214 1372 ann.
1240 1341 1283 1372 ad
1313 1352 1346 1382 p.
1371 1341 1435 1378 51)
1467 1352 1499 1373 se
1522 1342 1636 1375 offerre
1669 1346 1778 1384 vides,
1802 1349 1837 1380 in

152 1403 272 1434 Lexico
295 1400 427 1442 quidem
447 1400 604 1441 Freytagii
624 1401 768 1431 nondum
792 1405 922 1431 enotata
943 1405 1009 1437 est,
1034 1406 1066 1431 at
1085 1412 1101 1431 e
1119 1401 1247 1432 Castelli
1275 1406 1380 1432 tamen
1400 1407 1431 1432 et
1449 1402 1604 1433 Willmeti
1626 1404 1749 1436 Lexicis
1763 1407 1835 1449 jam

154 1458 278 1489 dudum
308 1456 462 1487 innotuit.
505 1456 543 1487 In
571 1467 613 1488 vs.
638 1457 678 1487 13
709 1467 770 1488 vox
792 1456 877 1497 dum-³
900 1457 1108 1488 donationem
1133 1469 1316 1499 magnam,
1341 1458 1511 1500 amplam,
1545 1464 1716 1501 copiosam
1739 1464 1838 1506 signi-

152 1518 252 1553 ficat,
278 1525 363 1556 quae
388 1520 529 1556 potestas
559 1517 587 1547 ei
620 1516 725 1547 subest
752 1527 884 1558 quoque
911 1517 945 1547 in
974 1517 1048 1547 loeo
1076 1516 1166 1548 Vctae
1195 1517 1324 1547 Tc'mure'
1354 1517 1386 1547 T.
1406 1517 1448 1549 II.
1479 1529 1512 1560 p.
1537 1520 1599 1557 96,
1631 1522 1774 1564 itemque
1802 1526 1837 1558 in

153 1574 234 1605 locis
258 1571 388 1602 Aboutf.
423 1570 516 1603 Anu.
542 1572 645 1604 stlosl.
675 1573 710 1605 T.
736 1573 779 1606 II.
802 1585 836 1615 p.
861 1573 942 1612 134,
974 1573 1010 1604 T.
1030 1573 1087 1604 111.
1112 1585 1145 1615 p.
1166 1574 1231 1604 330
1253 1579 1283 1604 et
1311 1574 1385 1605 594.
1408 1592 1450 1597 —
1481 1575 1578 1614 Quod
1602 1588 1677 1609 vero
1696 1579 1768 1620 jam
1794 1582 1837 1612 ad

154 1629 285 1662 nomina
316 1627 446 1668 propria
473 1630 609 1666 attinet,
642 1640 727 1670 quae
757 1630 790 1660 in
822 1631 896 1660 loco
930 1640 966 1660 ex
993 1629 1105 1670 ignoto
1135 1630 1191 1660 illo
1221 1630 1303 1660 libro
1335 1629 1388 1661 hic
1423 1632 1606 1673 descripto,
1638 1641 1835 1675 occurrunt,

154 1686 285 1718 evidens
308 1683 438 1724 quidem
461 1689 523 1722 est,
543 1686 575 1715 in
595 1696 637 1716 vs,
656 1685 759 1726 8seq.
784 1685 886 1716 verbis
908 1685 1046 1733 &ib-..sul
1067 1710 1101 1716 .-
1119 1685 1240 1718 cml
1265 1686 1361 1719 051435
1384 1688 1559 1728 significari
1586 1690 1628 1719 al·
1635 1691 1839 1725 Mansourum

156 1735 403 1770 Nouroddinum
434 1736 584 1767 ornarem
614 1736 685 1768 ibn·
690 1736 762 1774 Ah,
799 1739 937 1779 primum
970 1749 988 1769 e
1017 1738 1267 1770 Rasoulidarum
1299 1741 1395 1781 stirpe
1429 1740 1567 1781 Regem,
1603 1745 1658 1784 qui
1687 1745 1727 1775 ab
1752 1756 1837 1779 anno

157 1796 200 1827 H.
222 1794 286 1826 630
299 1812 335 1816 --
351 1793 434 1829 647,
459 1804 526 1834 quo
552 1804 569 1824 a
595 1795 727 1824 servitiis
762 1795 824 1824 suis
852 1795 994 1826 Turcicis
1027 1796 1152 1826 occisus
1175 1801 1243 1832 est,
1268 1797 1299 1827 in
1322 1796 1464 1827 Jemana
1480 1798 1700 1838 gloriosissime
1725 1814 1840 1844 regna-

155 1853 199 1884 vit
225 1849 333 1893 (conf.
359 1849 553 1880 Johannsen.
579 1850 600 1881 l.
622 1851 642 1880 l.
667 1861 702 1891 p.
727 1850 789 1881 156
810 1862 878 1891 seq.
902 1856 932 1882 et
960 1852 1090 1883 Aboulf.
1108 1851 1199 1882 Αἠη.
1223 1853 1324 1885 Mosl.
1352 1854 1394 1884 T.
1417 1853 1475 1885 IV.
1500 1866 1529 1895 p.
1549 1855 1614 1886 524
1635 1868 1701 1899 seq.
1718 1882 1726 1895 ‚
1751 1862 1837 1901 apud

156 1918 254 1950 quem
277 1912 384 1937 tamen
406 1917 491 1937 anno
506 1906 571 1938 648
595 1906 782 1936 interfectus
795 1916 860 1936 esse
878 1908 1030 1948 legitur);
1055 1919 1162 1939 verum
1186 1910 1370 1946 miraberis,
1397 1911 1513 1948 credo,
1540 1923 1597 1942 cur
1615 1913 1667 1944 ille
1687 1914 1838 1948 hocloco

159 1963 282 2019 &4255
308 1975 403 2008 ώωῖ
429 1976 631 2015 appelletur,
654 1985 720 2015 quo
741 1976 872 2007 nomine
903 1977 982 2008 nihil
1013 1979 1100 2009 aliud
1124 1989 1223 2020 quam
1247 1980 1394 2010 Latinum
1418 1980 1493 2012 Rex
1514 1986 1646 2023 marlyr
1667 1984 1697 2014 h.
1721 1995 1748 2016 e.
1771 1996 1839 2026 pro

161 2057 268 2088 causa?
301 2057 371 2086 Dei·
401 2057 554 2092 occisus,
590 2066 771 2096 expressum
798 2056 847 2088 sit.
901 2057 1130 2089 Animadverte
1163 2070 1258 2096 vero,
1294 2071 1359 2091 non
1392 2062 1556 2102 propriam
1585 2063 1613 2092 ei
1645 2063 1725 2105 Regi
1757 2065 1841 2098 hanc

161 2113 411 2155 appellationem
444 2122 529 2148 esse,
564 2112 618 2142 sed
649 2123 853 2143 communem
888 2124 962 2144 cum
995 2116 1091 2155 aliis,
1122 2117 1179 2156 qui
1208 2117 1322 2147 eodem
1360 2118 1454 2147 titulo
1484 2122 1553 2158 post
1583 2124 1716 2150 mortem
1752 2133 1842 2155 suam

163 2169 271 2202 ornari
297 2172 476 2198 sueverunt.
530 2168 584 2199 Sic
616 2169 795 2199 Nowai-rius
825 2170 858 2200 in
888 2170 951 2201 fine
977 2172 1185 2212 praefationis
1213 2174 1252 2203 ad
1283 2184 1363 2214 opus
1387 2184 1478 2204 suum
1511 2178 1841 2217 encyelopaedicum,

162 2237 193 2258 se
215 2229 315 2266 caput
342 2225 488 2255 ultimum
523 2225 622 2265 partis
647 2225 816 2256 historicae
838 2226 1068 2267 perducturum
1090 2239 1155 2260 esse
1178 2230 1258 2260 dicit
1279 2240 1378 2270 usque
1401 2230 1444 2260 ad
1470 2231 1573 2272 ipsum
1603 2243 1669 2273 quo
1691 2235 1844 2268 scriberet

163 2288 304 2323 tempus.
341 2291 456 2322 nempe
487 2281 531 2312 ad
569 2291 689 2312 annum
731 2282 1044 2324 septingentesimum
1079 2290 1110 2316 et
1146 2307 1388 2319 ........
1406 2310 1415 2324 ,
1458 2297 1525 2329 quo
1562 2296 1710 2330 regnaret
1741 2291 1844 2337 wib...

162 2334 300 2384 Oua-lunai
