2055 2865
860 158 1146 196 ...21-

163 252 323 295 ratione]
347 251 420 301 qua
443 250 575 302 reliqui
600 253 741 302 imperii
766 252 942 290 sultanioi
968 252 1089 290 hostes
1114 265 1197 301 erga
1213 253 1498 291 Mohamr'nedem
1528 250 1672 292 fuerant
1685 252 1762 302 iisi;
1787 254 1842 295 so-

159 316 262 351 cium
280 316 375 351 enim
395 328 499 351 suum
514 316 757 363 relinquentes
768 316 876 351 fidem
894 319 1056 350 mutuam
1070 316 1302 361 perdiderant
1318 330 1325 352 :
1351 316 1487 363 quique
1504 318 1690 364 conjuncti
1700 319 1842 356 Hasano

164 378 416 412 verosimiliter
434 379 633 424 superiores
649 378 816 416 fuissent,
838 376 915 422 jam
932 376 1086 422 separati
1102 376 1161 410 vix
1179 383 1241 411 aut
1258 389 1304 411 ne
1332 378 1391 413 vix
1406 379 1553 425 quidem
1571 380 1605 414 ei
1621 392 1725 426 pares
1743 389 1845 417 erant

164 438 402 473 existimandi.
452 437 735 473 Mohammedem
751 437 975 476 deserentes,
1001 448 1077 470 rem
1105 448 1206 470 suam
1232 437 1465 474 deseruerant
1485 446 1540 480 et,
1566 441 1622 476 uti
1640 453 1696 477 res
1721 448 1842 479 osten-

163 499 237 538 dit,
263 499 332 533 sibi
357 500 426 545 ipsi
449 499 598 533 exitium
624 503 848 543 paraverant.
899 497 1064 544 Singulos
1088 497 1259 544 deinceps
1285 497 1380 533 bello
1406 510 1587 545 aggressus
1610 508 1666 538 est
1682 504 1839 544 Pascha,

159 560 385 606 primumque
404 571 441 593 se
459 558 504 592 ad
519 558 643 592 Alium
660 558 804 604 Jahjam
823 560 1011 594 convertit.

210 619 511 666 Quandoquidem
535 626 658 655 autem
681 619 742 654 hic
767 620 928 655 nondum
953 621 1071 666 palam
1097 620 1239 656 hostem
1263 632 1300 656 se
1328 626 1405 657 erat
1430 622 1626 669 professus,
1661 628 1840 672 quaesivit

159 683 324 720 Hasanns
344 683 389 716 ab
407 683 620 722 Izzeddino,
646 687 688 716 ut
703 682 772 716 sibi
787 682 883 717 illius
908 682 1123 717 sententiam
1142 688 1180 717 et
1208 682 1356 717 consilia
1373 684 1539 729 aperiret.
1591 685 1782 734 Quumque
1801 689 1839 723 in

157 744 279 779 animo
300 744 368 778 sibi
382 749 476 779 esset
495 755 699 790 oppugnare
726 743 853 777 urbem
876 743 1044 784 Saadam,
1070 744 1218 779 doceret·
1247 756 1283 778 se
1306 750 1428 779 utrum
1456 745 1517 779 hic
1544 746 1639 781 illius
1668 749 1840 793 patruelis

156 806 409 841 adversaretur
426 805 600 840 exercitui
617 806 800 840 Sultanico
819 811 856 840 et
875 805 928 839 illi
951 817 1030 839 eam
1055 805 1182 840 urbem
1203 806 1345 850 petenti
1377 817 1415 840 se
1442 814 1654 852 opponeret,
1683 821 1727 844 an
1753 822 1838 846 vero

156 869 325 903 societati
341 875 379 903 et
396 867 534 902 foederi
549 866 715 900 faciendo
733 874 829 902 esset
853 877 997 912 pronus.
1049 865 1228 911 Quoniam
1251 865 1346 900 enim
1364 877 1430 912 per
1447 867 1526 911 ejus
1546 873 1657 902 terras
1683 869 1752 904 iter
1770 871 1837 906 sibi

158 934 253 963 esset
270 928 490 968 faciendum,
516 928 614 963 illius,
628 927 810 971 regionem
830 927 979 961 transire
1005 938 1042 960 se
1069 927 1182 965 nolle,
1207 926 1278 960 nisi
1303 933 1367 963 aut
1386 927 1536 968 sociam,
1563 934 1627 965 aut
1644 929 1834 977 domitam3

154 999 203 1024 ne
224 989 363 1024 hostem
379 989 538 1024 exercitu
555 999 682 1033 magno
700 987 896 1032 pollentem
914 998 934 1019 a
953 992 1053 1031 tergo
1069 987 1300 1032 relinqueret.

201 1051 389 1097 Repetivit
407 1050 516 1094 igitur
534 1048 748 1082 Izzeddinus
762 1046 979 1092 legationem
995 1046 1040 1079 ad
1058 1046 1182 1080 Alium
1200 1047 1361 1092 Jahjam,
1387 1059 1460 1093 qua
1480 1047 1645 1083 hortatus
1665 1057 1720 1085 est
1737 1058 1840 1093 eum?

154 1117 215 1151 ut,
240 1112 326 1146 dum
341 1110 492 1148 licebat,
516 1109 737 1155 relinqueret
753 1107 958 1142 rebellionis
984 1108 1132 1141 consilia
1157 1107 1370 1153 monuitque
1399 1119 1446 1141 ne
1471 1107 1607 1143 bellum
1634 1111 1679 1145 ad
1705 1123 1742 1147 se
1763 1119 1835 1148 tra-

155 1172 259 1207 heret
278 1176 314 1205 et
330 1171 527 1205 exercitum
542 1171 716 1206 victorem
733 1170 827 1204 ultro
844 1174 1073 1214 provocaret:
1102 1168 1224 1203 adhuc
1250 1180 1334 1203 eum
1351 1179 1479 1215 pacem
1497 1181 1710 1218 componere
1729 1185 1833 1220 posse

152 1238 207 1273 et,
231 1233 368 1267 socium
387 1233 544 1272 snit-ani,
572 1238 748 1267 terrarum
765 1242 910 1266 suarum
926 1230 1077 1264 ulterius
1097 1242 1201 1276 posse
1217 1229 1338 1276 potiri.
1389 1231 1435 1265 Se
1456 1243 1542 1266 vero
1570 1244 1667 1268 nunc
1685 1236 1833 1281 quidem

149 1291 352 1329 necessario
380 1295 594 1329 annuntiare
622 1294 755 1329 debere
780 1292 940 1328 Paschae
965 1292 1124 1332 Hasano,
1158 1292 1248 1338 quid
1276 1291 1321 1325 de
1352 1291 1463 1337 ipsius
1490 1294 1669 1329 sentiendi
1695 1297 1835 1332 ratione

151 1356 402 1402 comperisset3
428 1357 583 1402 ideoque
602 1356 715 1389 amice
734 1360 771 1389 et
792 1354 883 1389 serio
900 1365 1023 1399 rogare
1043 1365 1141 1392 eum,
1167 1358 1209 1387 ut
1228 1364 1354 1399 pacem
1379 1354 1490 1394 bello,
1516 1355 1705 1400 imperium
1725 1358 1834 1392 exitio

142 1417 356 1463 praeferret.
406 1419 486 1453 Non
512 1423 632 1451 tamen
660 1416 799 1451 curavit
823 1416 883 1448 ille
910 1414 1095 1449 Izzeddini
1119 1414 1256 1447 monita
1273 1439 1281 1452 ,
1315 1414 1377 1448 sed
1403 1420 1608 1449 constanter
1633 1416 1831 1453 adhaerens

151 1477 330 1522 partibus,
363 1477 409 1513 ad
432 1489 522 1523 quas
546 1488 589 1511 ex
617 1475 727 1511 animi
756 1475 935 1511 sententia
961 1475 1167 1514 transierat,
1201 1473 1337 1519 legatos
1363 1473 1466 1510 brevi
1495 1487 1578 1511 cum
1601 1476 1673 1512 isto
1696 1479 1826 1515 nuntio

148 1537 294 1571 dimisit.

198 1598 275 1632 Hoc
294 1597 372 1642 ejus
393 1598 580 1632 consilium
597 1597 830 1632 vehementer
844 1598 1030 1644 displicuit
1057 1598 1135 1644 ejus
1160 1598 1287 1634 Vesiro
1316 1597 1400 1632 Alio
1433 1598 1454 1633 f.
1481 1598 1657 1634 Ahmedis
1672 1627 1679 1639 ,
1714 1603 1770 1636 uti
1791 1609 1828 1637 et

150 1658 227 1693 aliis
248 1658 465 1704 quibusdam
492 1658 577 1693 viris
604 1659 845 1704 principibus,
879 1660 1041 1705 inprimis
1068 1660 1191 1695 Walto
1220 1659 1243 1694 f.
1270 1659 1446 1693 Abdallae
1465 1664 1488 1692 ².
1547 1659 1738 1697 Eminebat
1765 1663 1826 1697 hic

145 1731 359 1765 magnopere
376 1720 470 1755 inter
486 1733 566 1754 suos
584 1732 648 1766 per
672 1720 884 1766 sapientiam
899 1733 999 1755 suam
1017 1726 1053 1755 et
1071 1720 1268 1766 sapientiae
1284 1719 1414 1754 famam
1434 1725 1471 1754 et
1487 1718 1624 1766 duplici
1644 1723 1826 1758 affinitatis

145 1780 290 1815 vinculo
308 1793 389 1815 cum
405 1781 488 1815 Alio
505 1781 611 1826 Jahja
630 1786 706 1814 erat
721 1782 945 1826 conjunctus.
997 1782 1079 1827 Ipse
1101 1782 1197 1816 enim
1223 1781 1262 1815 in
1287 1780 1514 1815 matrimonio
1541 1781 1699 1818 habebat
1727 1797 1822 1820 soro-

143 1853 220 1876 rem
244 1847 281 1877 et
300 1843 563 1877 Mohammedes
592 1842 687 1876 illius
713 1842 808 1876 filius
837 1842 949 1877 filiam
975 1842 1050 1876 Alii
1077 1842 1215 1887 Jahjae.
1267 1842 1304 1876 Is
1331 1841 1443 1893 igitur
1470 1853 1543 1876 una
1571 1855 1651 1878 cum
1679 1845 1823 1887 Vesiro,

145 1914 210 1937 sua
227 1904 461 1942 auctoritate,
487 1903 624 1936 litteras
642 1903 740 1937 misit
756 1904 803 1938 ad
823 1904 1011 1942 Ameru1n‚
1038 1903 1208 1941 historiae
1235 1901 1345 1946 hujus
1377 1907 1577 1942 auctorem,
1605 1917 1626 1939 a
1642 1919 1714 1953 quo
1732 1907 1824 1953 peti-

144 1969 292 2002 verunt,
327 1976 440 2010 quum
466 1976 549 1998 eum
573 1976 685 1998 unum
710 1964 792 2009 paci
826 1965 1091 2009 componendae
1127 1964 1297 2001 idoneum
1325 1962 1587 2006 existimarent,
1621 1974 1663 2002 ut
1692 1980 1728 2002 se
1749 1968 1823 2013 jam

145 2021 269 2055 Tsolae
289 2030 547 2058 commorantes
562 2024 678 2059 adiret
694 2030 731 2059 et
748 2025 793 2058 de
812 2025 983 2059 societate
1000 2032 1037 2060 et
1055 2026 1198 2060 foedere
1219 2036 1341 2058 secum
1367 2025 1640 2071 colloqueretur.
1692 2028 1821 2062 Osten-

147 2080 202 2114 dit
218 2080 278 2116 hie
298 2083 497 2126 epistolamj
523 2095 632 2129 quam
649 2091 838 2130 acceperat
849 2099 860 2123 ,>
882 2085 1039 2131 principi
1067 2085 1342 2125 suoIzzeddino
1370 2086 1583 2132 veniamque
1602 2088 1738 2121 itineris
1757 2098 1820 2132 pe-

146 2139 221 2178 tiit,
246 2152 360 2186 quarn>
372 2141 475 2180 facile
494 2149 621 2181 nactus
636 2149 700 2181 est,
716 2171 718 2177 .
751 2144 890 2182 Tsolam
905 2157 1018 2191 quum
1037 2146 1232 2182 advenerat
1248 2145 1288 2181 in
1305 2145 1450 2193 domum
1466 2147 1578 2183 Walii
1597 2147 1620 2182 f.
1643 2146 1817 2198 Abdallae

1741 2217 1820 2240 ora·

196 2316 287 2349 ”ext
312 2324 384 2359 Q:
411 2333 454 2369 <se
483 2309 580 2370 [5³3³.
