2055 2865
860 262 928 267 ——
980 241 1048 276 120
1096 261 1165 268 -—

193 346 276 377 rvr—:is
295 339 434 374 ornavit
454 337 591 372 Pascha
611 337 714 378 armis
733 342 769 370 ct
797 337 896 370 victu
922 337 1063 381 copioso
1090 341 1126 368 ct
1151 335 1258 380 jussit
1286 346 1345 367 eos
1376 335 1527 366 tentoria
1559 334 1663 377 figere
1690 342 1785 368 extra
1806 337 1864 369 Sa-

192 415 296 438 naam
321 412 429 446 prope
460 397 630 442 templum
655 396 798 430 Ferwac
827 396 849 429 f.
878 396 1000 429 Musici
1030 394 1219 429 al-Sahabi.
1270 394 1478 439 Praeposuit
1508 405 1591 427 vero
1618 395 1668 426 iili
1697 396 1864 428 Sinanum

195 474 327 508 eosque
355 460 450 494 omni
480 463 652 504 apparatu
679 457 807 490 bellico
834 457 1033 490 necessario
1063 455 1354 489 instructissimos
1383 460 1461 498 post
1481 454 1736 487 armilustrium
1755 461 1791 487 et
1809 457 1867 488 sti-

191 523 315 569 pendii
334 521 548 555 divisionem
566 518 663 552 misit
682 517 726 550 ad
754 517 961 550 Habourum
979 524 1009 555 ³,
1036 529 1054 550 e
1082 517 1183 549 terris
1214 516 1439 553 Dholcimae,
1472 526 1581 559 prope
1608 520 1764 547 montem
1793 514 1866 547 Ah-

191 583 331 621 noumi,
357 587 399 615 ut
416 581 590 615 Imamum
610 580 790 613 Hasanurn
808 578 956 623 ejusque
979 589 1147 622 sequaces
1177 581 1442 620 oppugnarent,
1468 576 1582 608 donec
1613 586 1672 607 eos
1698 574 1868 619 subjecis-

193 651 271 678 sent
291 642 438 688 imperio
458 641 649 675 Sultauico.

191 735 194 737 Α
242 705 374 738 Triduo
404 708 524 735 autem
550 706 629 745 post
657 698 802 732 advenit
832 698 982 730 Sanaam
1011 702 1225 729 tormentum
1255 696 1342 729 illud
1373 696 1558 734 bellicum,
1584 694 1679 741 quod
1702 707 1720 727 e
1743 695 1865 727 Tsolae

199 766 345 800 castello
371 760 552 796 transferri
576 760 731 803 jusserat
748 757 894 790 Pascha.
946 757 991 789 In
1011 757 1135 790 urbem
1161 756 1248 788 illud
1275 762 1329 788 est
1359 757 1603 789 introductum
1630 768 1711 788 curu
1739 768 1863 799 magna

196 827 353 860 onmium
369 821 508 856 laetitia
528 825 564 851 ct
585 818 711 851 eodem
730 817 808 850 loco
837 821 890 848 est
920 817 1149 853 collocatum,
1177 816 1214 848 in
1233 827 1304 859 quo
1335 815 1468 851 iuerat,
1496 820 1685 858 antequam
1704 798 1867 848 Mothan-

193 888 300 919 herus
320 884 341 916 s.
364 880 491 919 Imami
509 878 798 916 Scharafeddini,
825 889 916 910 aimo
933 876 1002 911 977
1022 874 1318 917 (1569-1570)
1340 874 1425 906 iliud
1445 874 1638 907 abstulerat
1664 881 1699 908 et
1726 876 1762 908 in
1784 876 1867 909 Tso-

194 947 248 978 lae
270 943 453 977 castellum
473 944 784 984 transportaverat.
836 937 969 970 Eodem
990 949 1073 970 vero
1104 937 1161 970 die
1185 935 1384 968 l‘lnuhimus
1404 935 1424 968 l'.
1446 934 1671 968 Mothaliheri
1701 935 1784 968 illuc
1810 937 1869 968 ad-

193 1006 307 1042 venit,
334 1003 396 1048 qui
417 999 611 1035 honorifice
628 1010 651 1031 a
669 998 806 1032 Pascha
824 1004 992 1042 exceptus
1014 1009 1095 1030 curu
1123 999 1201 1043 ejus
1223 997 1327 1030 venia
1354 996 1523 1041 deinceps
1546 998 1679 1029 Sanaae
1701 1002 1754 1029 est
1774 1007 1867 1030 com-

196 1069 362 1098 moratus.

246 1256 302 1288 Ita
313 1251 457 1299 quidem
473 1251 634 1284 Hasanus
651 1248 788 1283 Pascha
804 1247 1024 1293 provinciam
1042 1247 1208 1280 Jemanae
1220 1272 1228 1284 ‚
1254 1258 1360 1292 quam
1379 1258 1522 1292 parvam
1533 1274 1540 1287 ‚
1568 1249 1820 1282 tumultuosam
1832 1256 1868 1282 et

195 1317 365 1349 adversus
386 1314 573 1347 Sultanum
593 1310 751 1355 plurimis
771 1309 857 1341 locis
878 1308 1109 1341 rebellantem
1129 1307 1331 1345 invenerat,
1368 1307 1460 1339 intra
1480 1319 1675 1351 paucorum
1695 1321 1864 1342 annorum

195 1376 350 1421 spatium
376 1373 479 1408 valde
507 1372 623 1408 auxit,
661 1370 802 1403 omnino
822 1368 966 1414 pacavit
994 1373 1032 1401 et
1053 1373 1164 1400 totam
1184 1367 1331 1400 Sultano
1358 1366 1527 1410 subjecit:
1555 1380 1669 1413 neque
1690 1369 1783 1400 enirn
1804 1374 1866 1400 aut

197 1438 379 1473 Affarum,
406 1440 469 1468 aut
487 1433 735 1469 Almoumum,
764 1430 866 1474 cujus
884 1429 1063 1473 principes
1071 1428 1145 1473 jam
1157 1428 1297 1472 saepius
1317 1427 1362 1460 ab
1372 1427 1431 1459 illo
1450 1433 1550 1460 erant
1571 1427 1701 1472 fugati,
1727 1428 1788 1460 diu
1800 1441 1869 1461 am-

195 1499 287 1543 plius
308 1496 419 1542 copiis
441 1493 633 1528 Sultanicis
651 1497 848 1537 potuerunt
864 1490 1038 1523 resistere.
1090 1489 1188 1523 Unus
1216 1489 1276 1521 ille
1303 1488 1485 1522 devicerat
1511 1488 1747 1521 munitissima
1763 1501 1869 1533 quae—

196 1570 266 1603 que
285 1558 450 1590 Jcmanae
472 1554 630 1591 castella,
657 1553 842 1597 hucusque
860 1550 964 1584 armis
985 1549 1176 1584 Sultanicis
1194 1550 1344 1587 invicta,
1372 1549 1536 1587 Modaae‚
1564 1549 1593 1582 Κ
1597 1548 1673 1587 afli,
1701 1550 1866 1582 Dzamar-

196 1618 299 1655 mari,
327 1615 476 1651 Azzani,
497 1613 670 1650 Kahrani,
705 1613 865 1655 Djiraae,
899 1611 1052 1655 regionis
1077 1610 1330 1648 Schadhehae,
1370 1610 1497 1653 Sajjidi
1519 1609 1715 1647 al-Gorabi‚
1741 1610 1871 1643 montis

200 1677 350 1714 Auloni,
377 1675 518 1715 Tsolae3
545 1685 589 1705 ne
611 1673 655 1704 de
676 1672 752 1705 aliis
771 1672 886 1704 minus
906 1671 1053 1703 munitis
1082 1676 1143 1703 aut
1164 1671 1307 1715 sequius
1326 1670 1480 1703 defensis
1499 1670 1668 1702 dicamus.
1720 1670 1868 1703 Provin-

200 1740 308 1775 ciam,
335 1748 441 1782 quam
453 1734 619 1767 affectam
631 1739 666 1765 et
683 1737 892 1777 prostratam
905 1731 1061 1775 accepit,
1088 1731 1315 1775 praedatores
1336 1730 1600 1763 exterminando
1621 1736 1657 1762 et
1677 1731 1869 1775 exstirpan-

197 1802 262 1835 do,
289 1803 523 1831 mercaturam
534 1793 755 1838 adjuvando,
782 1792 856 1825 vias
875 1791 1058 1829 faciundo,
1084 1792 1239 1836 denique
1256 1791 1399 1835 justitia
1421 1796 1457 1823 et
1475 1791 1690 1829 constantia,
1711 1792 1869 1836 quietam

200 1859 372 1895 reddidit,
402 1854 637 1900 locupletavit
664 1859 700 1886 et
727 1852 919 1885 exornavit.
972 1852 1069 1886 Unus
1096 1852 1155 1885 ille
1185 1864 1324 1885 omnem
1353 1852 1534 1885 Jemanam
1554 1851 1621 1883 sibi
1649 1851 1867 1896 Sultanoque

202 1920 365 1954 submisit
391 1929 453 1963 per
476 1915 742 1952 fortitudinem,
765 1912 943 1957 justitiam
971 1918 1007 1945 et
1028 1924 1197 1945 summam
1226 1912 1475 1945 liberalitatem
1510 1911 1801 1956 comitatemque3
1828 1918 1869 1944 ut

204 1993 286 2014 vere
313 1980 471 2016 dicatur,
494 1976 633 2010 nullum
663 1974 834 2007 Pascham
864 1974 1031 2006 Jcmanac
1060 1974 1186 2006 melius
1215 1973 1274 2006 illo
1303 1972 1502 2008 inserviisse
1538 1972 1700 2010 Sultano,
1733 1972 1867 2005 nullum

202 2039 470 2075 Jemanensibus
491 2037 598 2071 fuisse
620 2036 678 2069 illo
698 2033 935 2078 acceptiorem
953 2039 988 2066 et
1009 2033 1204 2078 gratiorem.

258 2230 270 2245 a
279 2238 377 2271 ),⁸¹:>·

1595 2406 1868 2442 ANNOTATIO
