2055 2865
875 116 1038 150 -—52

1085 138 1155 145 —

185 192 221 219 et
243 188 359 222 tristes
380 191 566 238 animoque
589 195 732 229 remisso
765 197 904 234 desides
936 203 1093 241 suturam
1122 210 1220 244 urbis
1251 214 1331 249 ruin

1333 229 1389 252 am
1415 233 1715 269 exspectaverunt.
1767 237 1843 274 Non

187 252 305 281 tamen
326 250 361 282 id
382 250 543 285 fecerunt
560 254 634 287 sine
650 256 773 290 ultima
795 260 1012 304 calamitate,
1040 270 1141 313 cujus
1158 275 1349 320 praecipua
1370 288 1474 316 causa
1493 295 1567 322 erat
1593 291 1714 337 ingens
1735 296 1846 333 homi-

187 318 272 341 num
299 310 508 350 multitude,
535 325 641 358 quam
671 316 956 357 Dzamarmarum
985 326 1041 360 vix
1062 331 1232 374 capiebat.
1282 337 1428 375 Praeter
1452 345 1619 389 plurimos
1646 356 1756 397 enim,
1782 363 1853 405 qui'

1297 398 1354 433 ille
1379 414 1489 448 quum
1508 409 1660 451 primum
1679 427 1715 449 se
1735 431 1843 465 oppo-
1860 438 1863 441 >

1287 461 1370 495 colis
1389 464 1518 505 Sirrae,
1541 481 1559 502 e
1582 474 1682 507 terris
1694 475 1842 514 Dzibani

186 493 221 520 et
240 488 321 533 Ajal
340 490 530 532 Abdallae,
561 496 718 544 itemque
740 514 781 535 cx
802 504 936 539 Behmo
954 513 964 529 ³
995 515 1031 543 ct
1059 513 1205 559 reliquis
1235 520 1336 554 terris
1358 523 1600 564 Dzamarmaro
1620 537 1841 584 propinquis,

186 559 316 594 eosque
337 551 580 589 introduxerat
602 558 693 592 intra
710 561 801 596 hanc
817 576 881 609 per
898 569 1079 604 castellum
1101 585 1202 610 suum
1216 600 1218 603 .
1231 582 1500 621 munitissimam
1520 591 1643 626 urbem
1664 607 1743 631 cum
1764 612 1846 634 uxo-

182 608 279 642 ribus
309 617 345 644 et
370 613 508 653 liberis,
545 619 632 652 adeo
661 627 702 654 ut
727 625 839 658 omnis
866 628 949 661 urbs
978 636 1014 663 et
1044 635 1225 671 castellum
1254 641 1296 675 iis
1326 644 1540 690 impleretur.
1599 654 1862 696 Arcessiverat‘

180 679 264 702 vero
291 672 477 720 plerosque
505 677 653 718 invitos,
688 684 785 717 nulla
817 687 953 721 ratione
982 690 1104 726 habita
1143 701 1362 737 strenuitatis
1392 714 1454 741 ant
1491 722 1608 747 rerum
1635 716 1840 757 bellicarum

177 731 327 774 peritiae
358 739 394 766 et
429 747 487 769 eos
519 749 681 784 coegerat
706 743 799 777 bona
824 758 887 779 sua
916 751 1033 784 onmia
1062 753 1147 788 illuc
1184 761 1381 798 transferre.
1441 770 1553 816 Supra
1580 776 1739 825 quinque
1765 785 1843 818 mil-

177 791 224 824 lia
250 792 433 828 hominum
458 798 507 830 ita
534 811 598 843 per
627 802 698 834 vim
736 804 772 836 in
802 808 984 842 castellum
1021 824 1123 847 suum
1150 817 1415 865 introduxerat,
1451 833 1579 873 partim
1610 838 1765 876 virorum
1794 848 1837 880 ad

176 864 331 897 pugnam
350 861 528 899 aptorum,
555 859 649 894 inter
668 875 757 908 quos
778 866 981 903 eminebant
1003 872 1152 914 Sirrani,
1186 882 1316 923 partim
1333 889 1561 930 parvulorum
1581 901 1617 928 et
1643 901 1840 939 mulierum.

175 912 304 946 Paucis
326 920 463 948 tantum
492 917 618 953 horum
649 924 864 968 stipendium
891 941 1128 976 concesserat,
1155 939 1240 975 licet
1262 944 1296 977 vi
1325 958 1384 981 eos
1411 950 1603 996 adegisset,
1629 971 1739 1004 quare
1761 976 1841 1001 cum

171 984 237 1017 per
266 974 487 1011 obsidionem
511 991 589 1014 mox
617 984 729 1017 omnis
755 990 893 1031 generis
924 992 1090 1029 alimenta
1122 1010 1202 1035 earo
1232 1006 1412 1048 venirent,
1439 1011 1530 1047 bene
1559 1019 1662 1053 multi
1684 1022 1774 1058 same
1802 1035 1839 1062 et

171 1034 314 1068 miseria
342 1038 497 1072 confecti
528 1043 795 1086 occubuerant,
831 1056 1022 1099 antequam
1057 1059 1207 1097 Sinanus
1235 1067 1279 1100 ad
1315 1069 1598 1112 Dzamarmarum
1633 1093 1838 1122 accesserat.

171 1222 274 1249 runt:
300 1218 470 1263 plurimos
498 1223 697 1272 hydropisis
725 1230 854 1267 invasit
882 1241 919 1268 et
940 1237 1114 1284 abripuit:
1142 1244 1219 1278 aliis

172 1288 214 1310 ex
235 1279 379 1313 auribus
404 1293 488 1315 naso
510 1290 546 1318 et
574 1298 634 1320 ore
665 1290 807 1325 exibant
827 1306 980 1337 vermes,
1006 1302 1069 1346 qui
1089 1303 1185 1339 intus

169 1337 223 1371 bis
244 1340 500 1377 occubuerunt.
552 1347 673 1382 Fames
695 1363 778 1385 vero
800 1354 1000 1392 istiusmodi
1025 1369 1117 1403 erat,
1143 1373 1198 1406 ut,

170 1398 267 1432 ribus
292 1402 410 1440 vesci,
447 1404 535 1438 cibis
560 1418 625 1451 per
652 1411 858 1456 religionem
888 1419 1026 1460 vetitis,

168 1458 241 1492 ulla
261 1472 297 1493 re
317 1462 548 1504 abstinuerit,
575 1480 666 1513 quae
686 1472 846 1509 alimenti
875 1479 1054 1516 rescrebat

166 1531 251 1563 pore
273 1522 365 1555 ultra
389 1525 454 1557 tria
472 1527 581 1561 millia
603 1529 803 1573 hominum,
830 1537 991 1583 inprimis

167 1591 287 1613 rorum
306 1589 342 1615 et
367 1586 581 1627 puellarum,
609 1597 646 1623 et
671 1604 734 1636 per
761 1597 992 1636 multitudine

1244 1247 1334 1284 fame
1365 1255 1536 1291 consectis
1557 1261 1600 1294 ad
1620 1264 1714 1300 vitae
1730 1269 1837 1305 finem

1214 1319 1272 1341 eos
1300 1321 1535 1362 corraserant5
1563 1322 1622 1356 alii
1651 1326 1726 1361 aliis
1746 1341 1836 1365 mor-

1225 1370 1355 1414 quibus
1373 1374 1515 1415 ⁴licebat
1543 1385 1655 1418 corvis
1683 1389 1738 1422 vel
1764 1403 1837 1427 mn-

1061 1423 1158 1459 beati
1188 1428 1409 1473 dicerentur,
1444 1449 1561 1485 neque
1584 1446 1770 1494 quisquam
1799 1467 1833 1488 se

1083 1488 1246 1531 speciem.
1298 1492 1355 1525 Ita
1381 1495 1594 1535 interierunt
1622 1504 1722 1543 brevi
1753 1517 1838 1547 tem-

1017 1544 1109 1579 inter
1129 1549 1286 1584 adultam
1312 1560 1466 1591 aetatem
1490 1567 1526 1594 et
1547 1563 1731 1604 infantiam
1749 1584 1837 1617 pue—

995 1616 1030 1636 m
1054 1610 1292 1650 mortuorum,
1319 1615 1449 1658 quibus
1472 1618 1660 1660 humandis
1702 1643 1709 1651 ’

163 1824 230 1857 sibi
243 1824 467 1872 familiaeque
483 1841 566 1863 suae
579 1837 615 1865 et
632 1835 735 1869 sociis
746 1863 753 1875 ,
781 1840 843 1884 qui
861 1842 979 1877 adhuc
992 1849 1222 1892 superabant,
1247 1854 1321 1888 fore
1341 1857 1490 1893 salutem

163 1884 372 1931 obsequium
391 1888 529 1933 imperii
552 1891 747 1930 Otsmanici
768 1905 804 1932 et
823 1903 914 1936 serio
933 1905 1160 1945 desiderabat
1176 1924 1300 1957 pacem

161 1957 233 1978 non
253 1948 402 1992 amplius
429 1950 496 1995 ipsi
515 1953 662 1996 patebat
689 1957 755 1991 via.
806 1961 865 1995 Ab
886 1964 988 2000 initio
1008 1969 1102 2003 enim
1117 1972 1292 2010 obsidioni

162 2017 262 2040 omne
299 2011 548 2045 commercium
574 2013 669 2047 inter
703 2016 1027 2061 Dzamarmarenses
1055 2037 1092 2064 et
1127 2035 1176 2068 du

157 2073 344 2109 peravcrat
365 2068 515 2104 Sinanus
525 2097 534 2109 ‚
560 2078 601 2107 ut

1295 1990 1309 2011 s
1328 1980 1507 2017 occlusum
1526 1994 1601 2021 erat
1619 1996 1656 2024 et
1675 1995 1828 2032 vetitum

1180 2048 1255 2070 cem
1283 2039 1522 2077 Sultanicum:
1554 2050 1639 2094 quia
1659 2054 1731 2088 suis
1759 2057 1827 2091 im-

620 2074 647 2108 si
665 2076 745 2120 quis
759 2078 917 2118 hostium
935 2099 954 2122 e
974 2091 1117 2127 castello
1138 2095 1267 2136 exiret,
1295 2100 1414 2137 statim
1433 2113 1620 2151 caperetur
1638 2117 1674 2146 et
1691 2113 1825 2151 interfi-

1767 2187 1824 2211 ce·
