2055 2865
833 134 1120 179 ..I-39..-

137 241 249 280 um'rm
274 253 317 277 ex
338 236 579 276 Mothahheri
607 236 691 274 filiis
718 249 860 286 semper
883 249 1008 273 secum
1033 238 1176 274 stetisse
1201 238 1240 273 in
1258 235 1420 286 partibus
1449 237 1611 274 Su‘ltani:
1635 245 1700 286 per
1727 243 1812 277 euni

136 302 345 350 praesertim
370 313 417 337 se·
436 307 578 337 tantum
609 301 763 336 valuisse
789 306 829 335 et
850 299 889 336 in
914 299 1163 346 oppugnandis
1198 300 1472 346 consanguineis
1501 301 1574 335 suis
1599 302 1812 347 processisse

137 363 276 411 absque
297 364 426 410 populi
447 365 503 399 sui
528 362 776 398 criminatione
805 366 868 396 aut
894 360 1092 406 impietatis
1113 360 1363 403 accusatione;
1389 362 1682 409 quandoquidem
1699 363 1737 398 in
1756 375 1813 398 re-

137 425 255 472 liquos
289 423 522 459 Mothahheri
554 423 648 457 filios
680 421 834 456 Abdalla
860 421 1006 467 publice
1040 420 1182 466 culpam
1219 420 1481 456 transferebat:
1516 423 1673 471 denique
1707 425 1816 472 petiit

138 485 368 524 Izzeddinus‚
393 490 453 524 ut,
479 485 508 518 si
527 493 635 530 quam
653 482 805 527 gratiam
824 481 900 527 ipse
916 480 1123 518 meruisset,
1149 478 1244 513 hanc
1260 481 1474 525 rependeret
1497 482 1689 525 Abdallae‚
1715 486 1814 521 socio

138 558 205 581 suo
225 552 264 581 et
281 546 396 580 amico
422 542 641 581 fidelissimo.
691 543 756 578 His
783 541 914 577 litteris
938 540 1042 575 lectis
1069 540 1192 575 statim
1217 540 1381 575 Hasanus
1404 543 1551 580 miserat
1577 545 1692 591 Agam
1716 546 1813 582 Mus-

136 607 285 653 tapham
303 612 342 639 et
360 604 485 639 Alium
502 602 526 638 f.
553 603 745 638 Mattaschi
761 601 1005 638 Khaulanium
1020 613 1144 637 versus
1168 601 1355 636 Izzeddini
1377 601 1515 642 sedem,
1541 604 1792 642 Caucabanum
1804 636 1812 648 ‚

136 665 202 712 qui
226 664 418 700 Abdallam
446 663 592 700 honoris
621 675 729 699 causa
764 663 1024 699 comitarentur
1057 663 1230 706 Sanaam3
1263 667 1451 707 praeterea
1477 663 1767 703 circumdabatur
1794 683 1815 705 n

137 724 381 771 compluribus
407 724 590 760 nobilibus
616 722 953 759 Caucabanensibus
977 728 1017 757 et
1046 723 1202 760 militum
1229 723 1396 765 cohorte,
1421 738 1465 761 ex
1479 727 1585 772 jussu
1612 729 1815 772 Izzeddini,

136 785 304 832 quicum
330 797 468 820 summo
495 785 630 821 honore
661 785 908 831 dignissimum
928 783 1128 830 judicabat.
1177 784 1266 818 Cum
1292 784 1348 819 his
1368 787 1575 828 comitibus,
1602 789 1639 825 in
1663 804 1818 838 quorum

137 856 287 884 numero
302 851 381 880 erat
397 858 543 892 quoque
562 847 695 881 codicis
714 846 828 881 nostri
843 851 985 885 auctor,
1010 844 1222 881 Caucabano
1242 846 1426 892 profectus
1452 847 1607 884 Abdalla
1624 860 1815 898 pernocta-

139 906 194 940 vit
210 905 370 941 Dhilaae.
421 906 580 952 Cumque
599 907 765 953 sequenti
788 907 847 940 dic
872 907 1007 941 Sanaae
1023 907 1259 942 nuntiabatur
1277 919 1360 942 cum
1386 908 1693 958 adpropinquare,
1719 914 1819 949 misit

140 965 304 1002 Hasanus
319 965 436 999 filium
454 972 543 1001 natu
570 968 781 1006 maximum.
808 967 1006 1001 Hoseinum
1027 978 1110 999 cum
1134 968 1299 1003 omnibus
1328 971 1441 1015 copiis
1468 972 1504 1006 ei
1533 972 1677 1007 obviam
1703 986 1818 1021 usque

138 1028 190 1064 ad
217 1027 429 1072 Mindjalum
445 1033 478 1061 ²:
512 1028 587 1073 ipse
618 1039 702 1062 vcro
726 1028 864 1061 Pascha
885 1028 919 1062 ei
936 1027 1093 1061 occurrit
1117 1028 1162 1061 ad
1190 1028 1417 1065 Gomdanum
1433 1031 1449 1055 b
1477 1038 1515 1066 ct
1543 1034 1736 1068 comitatus
1762 1043 1820 1071 est

138 1102 226 1126 num
241 1090 280 1124 in
298 1089 443 1124 urbem:
468 1093 511 1122 ut
527 1087 579 1122 ita
598 1099 680 1121 cum
697 1099 833 1121 summo
852 1087 988 1123 honore
1007 1088 1166 1124 Paschae
1185 1090 1307 1125 sedem
1332 1092 1532 1127 intraverit.
1582 1093 1631 1129 Ut
1646 1095 1822 1140 palatium

138 1149 301 1188 Paschae
317 1148 357 1182 in
374 1148 463 1182 urbe
478 1148 709 1188 introierant,
736 1149 856 1184 induit
876 1161 959 1183 eum
978 1149 1140 1183 Hasanus
1158 1156 1259 1185 veste
1279 1163 1425 1198 magna,
1452 1155 1642 1190 Persarum
1659 1170 1703 1191 ex
1722 1169 1821 1194 more.

140 1211 311 1250 sonnata,
337 1209 596 1260 pretiosissima
617 1216 655 1245 et
682 1210 733 1244 ita
756 1217 923 1245 ornatum
950 1216 1143 1245 coenatum
1169 1212 1272 1247 duxit
1298 1213 1345 1247 ad
1372 1216 1537 1261 epulum,
1569 1229 1590 1252 e
1619 1218 1825 1254 lectissimis

139 1271 232 1312 cibis
251 1276 503 1317 praeparatum
524 1283 607 1306 cum
624 1284 759 1306 sumnia
789 1273 884 1308 illius
909 1273 1079 1319 temporis
1107 1279 1145 1308 et
1172 1275 1327 1322 regionis
1347 1277 1525 1318 luxuria,-·
1534 1279 1580 1313 ad
1600 1280 1698 1326 quod
1717 1292 1826 1315 nemo

139 1332 402 1370 admittebatur
428 1331 499 1366 nisi
524 1338 589 1366 aut
612 1345 760 1378 genere,
786 1340 850 1367 aut
880 1334 1033 1374 virtute,
1067 1341 1131 1370 aut
1161 1336 1356 1382 sagacitate
1382 1338 1505 1373 aliisve
1540 1340 1650 1374 animi
1678 1340 1825 1377 dotibus

141 1405 357 1441 magnopere
382 1393 567 1427 emineret.
618 1394 734 1440 Epulo
765 1394 887 1433 linito,
914 1394 1076 1428 Ilasanus
1106 1396 1182 1442 ipse
1210 1398 1401 1432 comitatus
1428 1403 1483 1432 est
1508 1409 1592 1432 eum
1617 1412 1741 1435 versus
1764 1413 1825 1447 pa..

139 1457 285 1495 latium,
310 1454 410 1502 quod
430 1453 645 1491 Izzeddinus
668 1456 801 1487 ‘sl-:aman
822 1453 1038 1498 possidebat.
1090 1456 1147 1489 Ibi
1175 1469 1259 1491 vero
1288 1458 1408 1491 onmia
1427 1458 1597 1504 singulari
1616 1471 1701 1494 cura
1721 1468 1826 1496 erant

141 1520 352 1564 praeparata
372 1513 418 1546 ad
437 1513 673 1549 honorificam
691 1513 769 1557 ejus
788 1514 1044 1559 acceptionem.
1094 1516 1241 1551 Praesto
1262 1523 1364 1552 erant
1382 1519 1506 1565 coqui,
1533 1521 1643 1560 servi,
1664 1523 1822 1568 supellex

143 1575 306 1619 elegans,
339 1573 590 1606 alimentorum
626 1573 738 1606 omnis
769 1574 910 1616 generis
949 1576 1068 1619 copia,
1105 1584 1221 1612 vestes
1255 1584 1403 1612 centum
1430 1585 1467 1613 et
1493 1580 1756 1626 quinquaginta
1784 1584 1824 1617 'm

144 1645 249 1671 usum
264 1644 405 1671 eorum,
432 1632 494 1677 qui
515 1631 689 1665 Abdallae
706 1638 808 1666 erant
836 1633 974 1667 itineris
1004 1635 1152 1670 comites
1171 1642 1208 1671 et
1227 1649 1454 1672 nummorum
1484 1651 1674 1675 aureorum
1701 1654 1825 1678 nume-

145 1707 205 1734 rus
222 1694 369 1740 insignis
399 1693 438 1727 in
464 1693 662 1727 eorundem
678 1693 836 1739 gratiam.
888 1693 1014 1728 Altero
1035 1696 1093 1729 dic
1119 1697 1216 1731 misit
1243 1698 1288 1732 ad
1317 1710 1399 1732 cum
1428 1700 1567 1734 Pascha
1595 1714 1729 1748 equum
1754 1706 1825 1739 cxi—

142 1757 274 1795 mium,
300 1755 404 1801 cujus
422 1754 631 1800 ephippium
650 1760 686 1790 et
705 1755 869 1789 fraenum
895 1757 1008 1792 multo
1028 1768 1115 1791 auro
1140 1765 1217 1792 erat
1243 1760 1507 1795 ornatissimum
1537 1762 1724 1799 etiterum
1756 1771 1827 1800 tre-

144 1824 271 1855 centes
289 1829 453 1852 nummos
470 1828 596 1850 aureos
615 1821 654 1852 et
672 1829 752 1850 cum
771 1817 951 1851 nonnullis
970 1818 1130 1854 vestibus
1147 1819 1355 1855 holosericis
1377 1822 1527 1856 cidarim
1547 1825 1804 1863 ornatissimam
1814 1844 1826 1871 3

143 1882 206 1918 caui
225 1881 319 1916 dono
339 1880 517 1919 Hoseinus
533 1881 694 1916 Paschae
715 1881 810 1915 filius
830 1881 983 1915 alterum
1004 1881 1144 1915 addidit
1169 1882 1425 1928 pulcerrimum
1451 1896 1585 1931 equum
1606 1893 1658 1926 ot,
1684 1895 1827 1936 praeter

145 1944 294 1985 loricam
318 1949 355 1978 et
387 1943 540 1989 galeam,
577 1943 791 1977 vestimenta
820 1943 976 1988 pretiosa
1003 1949 1222 1991 centumque
1249 1956 1413 1979 nummos
1442 1958 1580 1982 aurcos.
1641 1949 1779 1991 Tertio,
1808 1965 1827 1989 a

146 2016 220 2054 quo
243 2005 457 2044 advenerat,
491 2004 551 2039 die
580 2004 764 2038 arcessivit
794 2016 877 2038 eum
905 2005 1070 2038 llasanus
1097 2010 1150 2044 et,
1177 2018 1313 2042 summa
1342 2006 1584 2044 familiaritate
1615 2022 1696 2057 erga
1727 2013 1826 2049 illum

148 2077 252 2103 usus,
278 2065 397 2101 induit
414 2077 496 2099 eum
513 2071 613 2099 veste
632 2066 728 2111 regia
748 2071 784 2100 et
804 2066 953 2100 donavit
973 2066 1129 2112 pugione
1158 2073 1194 2102 et
1215 2068 1332 2115 gladio
1352 2071 1553 2116 margaritis
1575 2078 1698 2106 ornato
1717 2074 1826 2109 maxi-1

149 2126 199 2164 mi
217 2125 345 2172 pretii:
371 2125 573 2172 iterumque
602 2137 684 2160 cum
717 2127 763 2163 ad
785 2137 970 2175 vesperam
997 2127 1043 2163 ad
1072 2140 1156 2164 eum
1174 2130 1316 2167 redibat
1343 2130 1499 2168 Abdalta
1516 2133 1664 2169 indutus
1682 2133 1752 2170 [uit
1771 2135 1825 2171 in-.⁷

222 2223 226 2231 .
1757 2196 1826 2235 du-

281 2290 291 2296 .
315 2285 326 2296 ο
639 2295 649 2301 ‚
661 2289 672 2300 (a
686 2287 695 2299 9

204 2304 219 2322 ⁸
241 2298 380 2341 ,μέ-ωε.
549 2300 565 2324 b
581 2302 707 2349 Oleum,

328 2350 341 2359 e
