2055 2865
899 104 1183 143 ...17—

252 201 370 237 Prirno
388 199 528 235 itineris
544 198 603 234 die
621 203 772 245 parvum
796 196 949 233 dimensi
973 205 1056 234 sunt
1081 200 1213 235 milites
1239 200 1319 236 viae
1346 201 1501 248 spatium
1518 207 1555 238 et
1584 203 1621 239 in
1641 204 1716 252 ipso
1739 207 1876 247 Sanaae

205 259 379 306 adspectu
397 260 437 293 in
453 260 603 306 planitie
625 260 864 296 consederunt
886 267 923 295 et
951 266 1067 294 castra
1087 267 1301 306 posuerunt,
1328 268 1369 297 ut
1395 263 1446 297 ibi
1466 265 1585 299 omnia
1610 266 1702 302 bene
1733 268 1876 303 ordina-

201 325 336 359 rentur.
387 320 517 357 Altero,
534 321 593 354 die
623 321 674 355 ire
703 325 938 366 perrexerunt
966 319 1011 353 ad
1041 319 1197 354 Dianum
1213 327 1225 344 ²
1253 334 1387 369 usque,
1413 324 1477 358 ubi
1505 325 1667 362 Hasanus
1692 327 1768 374 ipse
1795 340 1876 365 cum

200 391 329 427 magno
353 393 502 417 numero
527 386 784 414 tormentorum
809 380 1020 414 bellicorum
1046 378 1137 413 varii
1171 382 1310 423 generis
1337 385 1505 431 omnique
1529 386 1614 421 belli
1639 396 1814 435 apparatu
1838 395 1876 425 et

199 452 361 475 annonae
378 442 414 476 vi
432 449 565 487 magna'
576 441 621 474 ad
641 440 837 474 exercitum
854 450 957 473 suum
978 439 1139 473 accessit.
1189 440 1283 473 Hinc
1300 446 1475 487 progressi
1505 453 1588 482 sunt
1613 448 1763 483 ineunte
1777 461 1876 485 men-

199 513 236 536 se
264 502 493 537 Ramadhano
524 500 692 538 adversus
720 498 934 538 Dhahiram,
968 510 1078 544 quam
1106 499 1288 545 regionem
1326 502 1518 539 admodum
1545 507 1651 542 facile
1681 511 1876 556 occupavit

197 562 369 596 Hasanus.
420 559 542 593 Nullus
559 558 655 592 enim
672 559 791 599 miles,
816 570 935 606 neque
954 558 1087 597 incola,
1112 570 1232 605 neque
1252 567 1392 597 exterus
1412 564 1445 597 ei
1466 568 1601 601 restitit
1625 575 1687 604 aut
1711 582 1747 604 se
1765 583 1876 617 oppo—

198 622 285 660 suit,
311 631 430 667 neque
450 619 539 653 adeo
565 619 668 654 ullibi
688 626 743 653 est
769 626 987 666 pugnatum3
1015 630 1152 659 omnes,
1180 620 1225 655 ad
1242 634 1332 667 quos
1357 624 1541 665 venirent,
1568 628 1690 662 statim
1715 643 1751 665 se
1772 632 1875 667 dedi.

197 681 346 724 derunt3
372 680 636 720 Mohammedes
657 680 795 714 viribus
810 680 948 723 diffisus
963 680 1053 720 suis,
1078 681 1255 726 proelium
1274 683 1501 719 detrectavit.
1538 686 1747 723 Exercitum
1765 692 1876 737 igitur

196 742 357 776 Hasanus
382 740 565 775 considere
585 740 696 785 jussit
722 740 760 774 in
785 741 864 774 loco
890 740 1000 775 Coula
1017 741 1032 764 b
1058 741 1175 782 dicto,
1203 744 1298 778 unde
1322 758 1611 793 quaquaversum
1635 749 1791 784 militum
1817 764 1874 788 co-

196 802 318 836 hortes
347 802 463 841 misit,
497 801 575 847 qui<
594 813 716 847 omncs
743 801 926 836 Dhahirae
956 803 1055 836 vicos
1081 803 1285 849 oppidaque
1312 806 1469 847 adirent,
1502 809 1540 842 in
1562 808 1785 845 deditionem
1813 825 1874 848 eos

196 863 401 908 acciperent
421 867 458 894 et
479 872 520 893 ex
540 861 584 894 iis
604 860 744 907 obsides
764 861 925 906 legerent
945 872 987 894 ex
1004 860 1209 906 principum
1228 863 1380 898 familiis.
1432 867 1491 901 Ita
1509 868 1577 902 hac
1595 871 1740 915 regione
1769 873 1873 910 brevi

195 926 342 967 pacata,
378 932 580 966 progressus
607 926 660 954 est
690 922 868 955 exercitus
905 922 1110 957 Sultanicus
1144 927 1269 955 contra
1296 925 1481 959 castellum
1516 928 1738 971 Dhafarum,
1772 936 1870 979 quod

193 993 306 1016 unum
333 980 450 1015 adhuc
478 981 513 1014 ei
537 980 736 1014 resistebat.
788 981 853 1014 Cui
873 992 955 1014 cum
975 980 1279 1026 adpropinquaret
1295 984 1473 1018 exercitus
1493 987 1627 1022 IIasani
1649 993 1870 1037 conjunxere

195 1054 231 1077 se
252 1042 286 1076 ei
304 1041 518 1076 lectissimae
538 1040 661 1086 copiae
680 1050 770 1084 quas
796 1038 1029 1079 Izzeddinus,
1056 1040 1259 1075 Caucabani
1286 1042 1469 1089 princeps,
1495 1053 1622 1091 rogatu
1648 1051 1798 1093 Hasani,
1826 1067 1870 1090 ex

194 1102 337 1138 foedere
356 1101 510 1135 miserat.
563 1099 790 1145 Quapropter
818 1099 1083 1136 Mohammedes
1113 1102 1239 1136 videns
1268 1114 1305 1136 se
1330 1103 1408 1149 jam
1436 1104 1585 1141 indubie
1614 1120 1691 1144 esse
1719 1110 1868 1149 debilio-

193 1177 284 1204 rem,
311 1174 419 1210 quam
437 1166 478 1195 ut
491 1148 575 1195 'acie
595 1160 788 1194 decernere
807 1168 930 1206 posset
958 1175 1040 1197 cum
1065 1162 1178 1208 copiis
1207 1163 1419 1203 Sultanicis‚
1445 1176 1482 1199 se
1511 1168 1651 1214 recepit
1670 1170 1709 1204 in
1739 1174 1867 1210 castel..

189 1225 265 1260 lum
282 1222 492 1261 Dhafarum,
520 1222 685 1268 opinatus
705 1221 774 1255 hoc
795 1223 970 1269 optimum
987 1223 1055 1257 sibi
1077 1236 1153 1258 csse
1175 1225 1363 1259 consilium
1383 1231 1420 1260 et
1438 1227 1766 1272 prudentissimum.

194 1323 196 1325 ¹
238 1284 355 1320 Situm
373 1283 469 1317 enim
488 1287 564 1316 erat
583 1281 784 1316 Dhasarum
801 1283 839 1317 in
853 1284 954 1329 apice
972 1286 1120 1325 montis,
1147 1285 1209 1332 qui
1230 1285 1335 1319 initio
1355 1286 1504 1332 quidem
1523 1288 1661 1322 aditum
1691 1291 1868 1332 offerebat

190 1345 382 1387 acclivem3
407 1342 527 1388 magni
547 1342 642 1375 enim
662 1349 739 1377 erat
757 1343 929 1378 circuitus
948 1346 1079 1379 montis
1097 1357 1159 1390 pes
1171 1359 1179 1388 3
1207 1345 1269 1379 sed
1288 1345 1384 1379 deinv
1391 1353 1538 1392 propter
1567 1338 1738 1385 summam
1763 1365 1864 1400 aspe-

190 1405 333 1440 ritatem
360 1409 436 1437 erat
465 1404 684 1437 inaccessus:
712 1414 830 1448 neque
857 1403 946 1437 adeo
973 1416 1058 1449 prae
1085 1404 1276 1449 asperitate
1297 1405 1333 1438 vi
1347 1411 1490 1449 poterat
1509 1411 1718 1454 expugnari,
1743 1425 1864 1462 neque

189 1467 237 1500 ob
254 1465 410 1510 amplum
429 1464 620 1497 circuitum
637 1462 798 1507 perfecte
827 1463 921 1507 cingi
948 1465 1119 1510 undique.
1169 1464 1328 1498 Rebatur
1344 1472 1529 1511 praeterea
1554 1469 1729 1507 Imamum
1754 1475 1864 1512 Hasa-

189 1537 294 1564 num,
322 1525 425 1569 cujus
443 1524 650 1557 imamatum
675 1524 734 1557 ille
760 1524 895 1569 primus
920 1530 1115 1569 agnoverat
1142 1530 1180 1559 et
1206 1524 1433 1569 defenderat,
1468 1536 1566 1565 certo
1592 1532 1659 1566 sibi
1682 1538 1865 1582 suppetias

188 1592 381 1621 venturum
398 1591 435 1618 et
455 1584 600 1628 insuper
618 1583 742 1616 Alium
766 1584 909 1628 Jahjam
935 1590 971 1617 et
998 1584 1199 1618 A111nedcm
1226 1585 1247 1618 f.
1274 1586 1439 1627 Hoseini,
1466 1591 1683 1635 quibuscum
1700 1598 1863 1642 nuperri-

187 1659 243 1681 me
262 1646 406 1681 foedera
422 1645 567 1682 inicrat‚
594 1655 630 1677 sc
652 1644 838 1689 adjuturos
858 1649 894 1676 et
912 1644 1093 1678 Hasanum
1111 1645 1285 1678 Paseham
1302 1658 1322 1679 a
1343 1652 1441 1692 tergo
1461 1659 1737 1697 oppugnaturos,

234 1706 305 1742 Sed
330 1718 408 1752 spes
426 1717 509 1739 eum
539 1705 577 1739 in
602 1704 767 1739 omnibus
795 1704 942 1744 fefellit,
968 1706 1261 1752 quandoquidem
1278 1707 1434 1742 Imamus
1452 1710 1614 1747 Hasanus
1630 1716 1764 1752 nullam
1783 1721 1860 1766 ejus

186 1768 354 1803 habuerit
380 1779 501 1800 euram
531 1772 566 1800 et
595 1766 699 1800 Alius
726 1765 832 1811 Jahja
857 1772 1036 1801 trecentos
1062 1773 1202 1801 tantum
1235 1768 1368 1803 milites
1396 1776 1432 1804 et
1462 1774 1650 1810 nonnullas
1680 1785 1796 1815 vestes
1824 1783 1860 1816 in

184 1842 292 1875 usum
313 1829 468 1863 militum
490 1827 635 1862 miserit.
688 1826 870 1861 Alunedes
890 1833 1033 1867 autem,
1059 1830 1123 1875 qui
1147 1835 1230 1863 ante
1252 1830 1331 1875 ejus
1357 1830 1581 1868 obsidionem
1597 1837 1858 1884 aliquantulum

183 1891 340 1937 pulveris
357 1890 482 1924 nitrati
498 1895 533 1923 et
549 1877 686 1934 plumbi
706 1901 788 1924 cum
813 1889 930 1923 aureis
951 1890 1106 1924 nummis
1133 1891 1304 1925 trecentis
1331 1892 1377 1926 ad
1405 1906 1488 1928 eum
1504 1896 1664 1937 miserat,
1690 1907 1772 1946 post
1798 1902 1857 1937 oh.

184 1953 358 1987 sidionem
381 1963 463 1986 eum
488 1962 632 1996 prorsus
656 1950 723 1984 sibi
745 1951 908 1997 reliquit,
935 1956 977 1984 ut
997 1951 1048 1984 ita
1071 1963 1168 1985 nunc
1186 1964 1308 1987 omnes
1330 1965 1413 1987 eum
1436 1955 1670 1994 deseruerint.
1723 1962 1860 1997 Pascha

185 2024 284 2051 vern,
305 2013 376 2046 situ
394 2013 431 2046 et
451 2012 657 2045 conditione
675 2012 810 2046 castelli
827 2011 976 2046 Dhafari
999 2011 1091 2046 bene
1111 2014 1280 2058 cognitis,
1306 2015 1415 2050 rediit
1434 2016 1509 2062 ipsc
1534 2019 1684 2054 Sanaam
1703 2028 1739 2057 et
1760 2036 1858 2058 exer..

187 2073 299 2106 citum
318 2085 421 2106 suum
438 2073 601 2119 reliquit,
629 2073 693 2118 qui
714 2072 911 2107 arctissima
929 2072 1115 2109 obsidione
1143 2075 1328 2111 castellum
1349 2077 1524 2123 cingeret:
1552 2080 1588 2114 in
1606 2081 1721 2116 animo
1739 2089 1859 2118 autem

1780 2151 1855 2179 erat

239 2253 252 2269 ²
269 2255 367 2296 ψὴν-,μ
394 2248 435 2288 (Ρ
458 2249 490 2279 ln
509 2249 579 2280 Cod.
600 2250 730 2279 secunda
748 2250 845 2280 littera
866 2252 983 2290 punctis
1001 2252 1142 2284 destituta
1157 2257 1234 2295 est).
1357 2255 1371 2277 b
1389 2241 1491 2298 :aid-KH,

1140 2336 1165 2368 C
