2055 2865
839 157 1010 203 m 37
1058 177 1128 193 a..

147 249 346 309 principem
360 247 568 299 'Ahnoumi,
595 251 803 306 factumque
823 265 900 295 erat
916 259 1010 294 inter
1030 261 1108 295 illos
1133 260 1259 297 foedus
1282 273 1325 298 ea
1354 258 1581 304 conditione,
1607 269 1650 301 ut
1665 262 1824 303 Imamus

145 323 306 357 Hasanus
324 322 504 368 acciperet
521 322 665 356 castella
683 321 866 360 Meswari,
892 321 1071 366 Hadjdjae
1095 327 1133 356 et
1149 324 1289 358 Saudae
1317 330 1512 372 eorumque
1535 331 1665 366 terras,
1698 333 1735 362 et
1761 333 1820 366 ut,

147 383 446 430 compensationis
470 384 566 422 loco,
593 382 756 417 omnibus
781 381 916 416 viribus
942 381 1066 415 Alium
1093 382 1236 427 Jahjam
1265 386 1302 419 in
1331 386 1425 420 bello
1453 388 1622 423 adversus
1651 388 1825 423 Pascham

145 450 351 479 constanter
361 445 518 490 juvaret.
567 445 662 479 Huic
681 455 765 478 vero
786 442 923 476 foederi
948 454 984 476 se
1007 450 1252 488 opposuerunt
1277 445 1546 483 Gautscddinus
1573 455 1611 484 et
1641 450 1825 486 Ahmedes

147 506 171 540 s.
191 506 355 546 Hoseini,
380 511 566 551 negantes,
594 516 630 538 se
648 509 765 537 ratum
785 503 971 537 habituros
990 504 1026 537 id
1047 510 1211 550 pactum,
1238 511 1302 540 aut
1327 507 1437 542 ullam
1456 522 1615 556 unquam
1641 523 1746 557 opem
1771 511 1823 546 la-

146 573 245 606 turos
270 567 355 600 huic
379 566 603 611 provinciae,
639 566 708 599 nisi
735 565 781 600 ad
811 564 935 599 Alium
959 565 1104 611 Jahjam
1130 567 1347 611 pertineret,
1383 574 1425 602 ut
1450 576 1566 605 antea.
1627 573 1819 620 Quumque

140 634 326 674 praeterea
345 627 515 660 continuo
534 626 767 667 affirmarent,
793 627 912 661 onmia
940 639 1004 661 sua
1034 628 1163 662 auxilia
1193 641 1230 662 se
1259 634 1494 669 retracturos,
1529 631 1598 665 nisi
1626 633 1663 666 id
1692 634 1819 668 foedus·

143 693 386 734 rumperetur,
413 687 548 721 sactum
569 695 623 723 est
651 701 692 723 ex
720 701 844 723 eorum
873 689 1078 732 voluntate;
1113 689 1211 735 quod
1235 702 1362 737 magno
1391 691 1461 726 fuit
1487 692 1705 727 detrimento
1737 695 1820 728 Alio

140 749 269 795 Jahjae
294 750 445 795 ejusque
473 761 548 784 rem
571 750 609 784 in
635 751 740 796 pejus
765 751 936 785 mutavit:
972 756 1224 797 praeterquam
1248 753 1344 786 enim
1363 753 1461 799 quod
1484 754 1641 788 Imamus
1659 755 1821 790 Hasanus

139 823 223 845 eum
240 811 308 845 sihi
325 811 561 856 relinqueret,
587 812 721 857 quippe
738 824 846 858 quem
865 812 1034 846 taedebat
1062 813 1191 846 mutati
1212 814 1366 854 consilii,
1393 815 1496 848 ambo
1521 827 1666 861 quoque
1688 816 1820 861 princi—

137 883 201 919 pes
219 874 283 919 qui
298 873 452 916 disrupti
474 872 627 906 foederis
646 873 790 907 fuerant
811 879 976 907 auctores
1000 874 1120 919 paullo
1139 879 1221 919 post
1244 874 1368 908 Alium
1395 875 1539 921 Jahjam
1566 876 1814 911 deseruerunt.

140 933 410 970 Gautseddinus
429 933 542 971 enim,
568 933 732 968 omnibus
752 934 844 968 benc
870 933 1073 979 perpensis,
1101 945 1182 967 cum
1202 934 1343 969 videret
1369 938 1569 981 potentiam
1596 939 1817 972 Sultanicam

137 994 215 1028 sine
244 992 354 1028 dubio
381 1000 625 1040 superaturam
647 995 866 1029 adversarios
895 999 932 1026 et
957 993 1102 1026 fratrem
1130 1005 1234 1026 suum
1261 992 1596 1030 Abdarrahmanum
1626 1010 1663 1031 se
1693 1011 1819 1044 parare

139 1054 186 1088 ad
210 1055 447 1089 invadendam
469 1055 650 1099 regionem
678 1055 745 1088 sibi
773 1054 969 1092 subditam,
1005 1065 1114 1098 quam
1143 1052 1282 1087 Pascha
1304 1065 1370 1098 per
1394 1055 1562 1089 mandata
1587 1058 1725 1092 excelsa
1750 1060 1818 1104 ipsi

136 1115 232 1149 dono
252 1115 414 1153 dederat,
440 1114 567 1147 melius
586 1114 820 1153 existimavit,
846 1125 942 1146 nunc
960 1114 1055 1147 ultro
1078 1113 1322 1147 obedientiam
1339 1115 1520 1160 polliceri,
1547 1129 1655 1162 quam
1683 1118 1815 1153 deinde

137 1175 173 1208 vi
190 1180 227 1209 et
254 1173 358 1207 armis
385 1173 515 1219 subjici
539 1179 576 1208 et
602 1174 752 1220 imperio
780 1174 929 1209 destitui
956 1186 1029 1209 suo.
1081 1175 1194 1208 Petiit
1223 1187 1306 1220 ergo
1335 1175 1380 1208 ab
1404 1175 1616 1218 Izzeddino‚
1650 1185 1692 1213 ut
1716 1191 1814 1214 suam

135 1235 244 1269 vellet
261 1246 364 1279 agere
385 1247 526 1270 causam
546 1237 641 1283 apud
659 1237 850 1276 Pascham,
871 1235 1165 1282 quandoquidem
1182 1235 1424 1271 obedientiam
1441 1239 1603 1283 polliceri
1622 1240 1730 1274 vellet
1749 1240 1815 1274 iin-

133 1296 233 1341 perio
246 1297 445 1337 Sultanico,
473 1298 501 1332 si
521 1304 630 1332 terras
651 1312 730 1333 suas
750 1300 835 1333 (lein
854 1310 976 1344 regere
990 1297 1057 1331 sibi
1074 1303 1168 1331 esset
1184 1298 1333 1332 licitum.
1374 1299 1480 1344 Quod
1498 1313 1579 1334 cum
1597 1301 1811 1335 Izzeddinus

89 1348 93 1353 ’
133 1365 198 1403 pro
218 1358 277 1391 illo
296 1365 483 1404 rogaverat
503 1366 539 1394 ct
560 1367 784 1394 concesserat
804 1361 983 1398 llasanus,
1011 1359 1229 1393 constitutae
1257 1366 1340 1394 sunt
1367 1361 1465 1405 pacis
1494 1362 1718 1395 conditiones
1735 1388 1742 1401 ,
1771 1374 1811 1395 ex

130 1417 279 1452 arbitrio
299 1420 498 1460 Izzeddini,
526 1422 586 1455 cui
606 1423 697 1455 hane
716 1421 937 1467 provinciam
955 1420 1105 1453 dederat
1132 1419 1286 1458 Pascha,
1314 1432 1450 1466 eaeque
1475 1422 1666 1456 admodum
1692 1429 1812 1468 gratae

131 1477 398 1514 Gautseddino:
425 1482 556 1526 quibus
577 1482 781 1515 constitutis
803 1487 839 1514 et
866 1480 1041 1525 acceptis,
1068 1480 1165 1513 misit
1193 1480 1331 1514 Pascha
1360 1482 1566 1528 Khoudjaln
1592 1484 1715 1518 Alium
1732 1490 1745 1507 ³
1775 1492 1812 1517 nt

133 1540 252 1573 virum
268 1539 424 1574 nobilem
443 1541 566 1575 Alium
585 1542 607 1575 f.
628 1542 817 1576 Mattasehi
834 1541 1075 1575 Rhaulanium
1091 1541 1135 1574 ad
1156 1542 1396 1576 Gautseddini
1414 1545 1533 1577 sedem
1546 1544 1727 1584 Affaruin,
1748 1547 1812 1591 qui

129 1600 218 1634 fidei
238 1606 274 1633 et
293 1600 441 1645 obsequi
454 1602 712 1645 jusjurandum
732 1603 937 1646 acciperent
957 1602 1003 1634 ab
1023 1602 1094 1634 illo.
1146 1602 1251 1645 Quod
1271 1614 1352 1635 eum
1372 1605 1601 1647 praestiterat
1629 1605 1809 1639 (131115011-

129 1661 254 1700 dinus,
288 1666 434 1694 ornatus
474 1667 528 1695 est
555 1673 575 1695 a
601 1662 727 1708 legatis
758 1663 890 1696 liasani
924 1667 1023 1694 veste
1052 1661 1249 1695 honorifica
1287 1664 1466 1707 pretiosa:
1501 1677 1573 1710 quo
1602 1665 1715 1703 facto,
1752 1679 1808 1700 re·-

130 1721 275 1756 dierunt
300 1722 352 1755 illi
382 1724 540 1757 Sanaam.
597 1723 779 1757 Ahmedes
809 1735 953 1768 quoque
984 1722 1006 1755 f.
1032 1722 1181 1756 Hoseini
1200 1723 1440 1767 al-Moajjedi‚
1468 1725 1632 1771 princeps
1653 1727 1806 1766 Saadac,

128 1783 229 1816 vanis
253 1784 545 1829 promissionibus
571 1784 695 1819 Alium
715 1784 858 1829 Jahjam
889 1784 1042 1828 turpiter
1070 1784 1224 1829 decepit.
1251 1784 1477 1819 Conduxerat
1506 1787 1654 1832 quidem
1674 1789 1804 1822 inultos

127 1845 269 1890 equites
286 1857 327 1878 ex
348 1846 497 1880 diversis
514 1846 719 1891 regionibus
741 1852 778 1879 et
797 1856 938 1890 magnas
956 1845 994 1879 in
1013 1845 1056 1878 iis
1084 1846 1328 1890 comparandis
1354 1854 1563 1892 erogaverat
1591 1861 1694 1895 opes3
1730 1851 1805 1896 pol-

128 1905 248 1940 licitus
270 1919 414 1953 quoque
443 1913 519 1941 erat
549 1907 632 1941 Alio
654 1908 798 1953 Jahjae,
826 1919 861 1940 50
892 1906 994 1939 brevi
1024 1912 1217 1940 venturum
1246 1918 1328 1940 cum
1355 1909 1518 1943 omnibus
1547 1911 1711 1956 equitum
1731 1917 1805 1944 tur-

128 1967 194 2000 mis
212 1969 256 2001 ad
276 1969 370 2002 illius
394 1969 562 2002 auxilium
589 1974 626 2002 et
654 1968 969 2005 sustentationem,
996 1967 1058 2000 sed
1082 1980 1267 2013 nunquam
1293 1968 1380 2003 fecit
1411 1971 1509 2016 quod
1535 1973 1745 2016 promiserat
1766 1978 1803 2006 ct

125 2028 262 2061 socium
279 2042 382 2063 suum
411 2030 478 2063 sihi
508 2031 672 2076 reliquit,
708 2030 890 2075 equitibus
918 2029 1013 2061 cirea
1039 2030 1190 2062 Suadam
1215 2030 1405 2075 dispositis.
1458 2032 1503 2065 In
1527 2039 1649 2078 aperto
1680 2039 1800 2067 autem

126 2094 220 2127 erat,
257 2088 356 2122 illum
382 2102 526 2135 quoque
557 2091 716 2124 Paschae
752 2090 947 2123 amicitiam
974 2101 1146 2135 quaerere
1182 2096 1291 2137 atque
1320 2092 1487 2126 savorem.
1549 2093 1669 2136 Quum
1705 2094 1801 2126 enim

127 2161 247 2184 mense
266 2150 484 2184 Schawwalo
512 2151 620 2197 hujus
650 2151 735 2186 anni
761 2151 989 2195 (Novembri,
1019 2151 1131 2197 1582)
1156 2153 1336 2199 principes
1354 2153 1503 2198 Djazani
1521 2152 1554 2193 ¹³,
1582 2152 1756 2188 Ahmedis
1775 2152 1797 2189 s.

1732 2214 1802 2249 llo-
