2055 2865
912 194 984 205 *ο
1031 174 1078 209 22
1127 191 1199 202 -η

223 274 371 315 orarunt
397 280 479 309 eum
501 270 554 306 illi
583 269 779 317 principes,
803 267 922 307 utssi
945 272 1081 314 posset.
1106 265 1298 303 reduceret
1327 265 1456 303 Alium·
1478 268 1621 317 Jahjam
1643 269 1691 308 ad
1718 278 1844 318 pacem
1863 277 1900 309 et

225 337 452 375 concordiam
473 333 555 369 eum
572 331 765 368 Izzcddino
783 335 823 365 ret
847 329 1059 364 societatem
1088 339 1170 364 cum
1198 328 1338 364 Pascha
1362 327 1559 366 Sultanieo.
1609 332 1813 373 Neminem,
1839 346 1901 370 au.-

224 403 381 437 tuniant,
417 397 529 443 gratia
557 395 637 441 plus
664 393 725 428 illo
753 392 872 428 valere
899 391 994 437 apud
1022 390 1221 437 principem
1247 403 1370 426 suum:
1396 391 1505 426 ”hunc
1544 405 1682 440 semper
1704 397 1902 433 'admodum

223 459 422 495 honorifice
442 458 488 492 de
507 457 640 491 Amero
658 467 734 490 esse
753 455 916 489 locutum
933 459 971 488 et
990 453 1178 487 consilium
1196 453 1275 498 ejus
1290 453 1434 488 maximi
1460 454 1658 494 facturum,
1684 469 1792 502 quem
1809 471 1901 493 sem·-

224 534 288 569 per
312 520 472 567 inprimis
495 519 669 553 dilexerat
694 522 731 552 et
754 516 921 550 laudibus
948 520 1025 549 erat
1047 521 1269 561 prosecutus.
1320 515 1357 549 Si
1382 527 1466 561 ergo
1497 521 1554 555 tu,
1580 516 1767 562 inquiunt,
1802 518 1900 553 illum

228 595 340 622 amas,
366 580 667 629 quemadmodum
686 579 745 613 ille
765 585 818 618 te,
844 577 985 611 deterre
1014 577 1115 611 illum
1134 588 1155 611 a
1177 576 1373 610 rebellione
1393 582 1430 611 et
1455 576 1600 611 retrahe
1619 577 1664 611 ab
1681 577 1856 612 Ahmedis
1876 578 1902 613 f.

225 645 374 680 Hoseini
391 643 574 677 societate.
623 641 729 675 Hunc
749 641 788 674 in
807 639 916 673 finem
931 650 1020 685 opus
1037 644 1109 678 est,
1135 645 1178 673 ut
1196 639 1263 684 ipsi
1281 640 1327 674 sit
1345 650 1573 685 persuasum,
1600 638 1754 673 Saadam
1778 651 1903 673 revera

223 707 406 754 pertinere
426 705 471 739 ad
492 703 679 749 imperium
700 701 923 736 Sultanicum
941 700 1094 745 ejusque
1113 699 1248 745 injuste
1268 700 1424 746 potitum
1443 712 1521 734 esse
1541 699 1762 743 Ahmedem3
1788 706 1905 746 utque

225 774 448 815 compertum
478 765 610 799 habeat
638 763 737 809 prius
767 761 813 795 ad
840 772 877 795 sc
906 760 1040 794 bellum
1068 766 1280 800 venturum,
1315 761 1345 795 si
1376 761 1525 796 Sultano
1555 761 1737 796 adversari
1757 767 1902 807 pergat,

222 843 331 877 quam
351 830 396 864 ad
424 827 634 862 Ahmedem.
683 823 876 868 Adjieiunt
903 822 1048 855 tandem
1078 821 1202 855 Alium
1230 822 1374 867 Jahjam
1403 823 1529 856 eadem
1555 829 1663 857 nocte
1692 822 1745 857 ibi
1773 828 1900 856 ventus

223 903 323 930 rum,
348 889 509 923 nescium
530 893 650 920 tamen
667 883 843 919 adventus
861 881 997 916 Ameri.
1046 881 1229 916 Lubenter
1258 894 1337 915 eam
1367 882 1526 927 suscepit
1544 883 1768 926 provinciam
1788 883 1900 916 Ame-

222 965 301 991 rus,
326 961 543 999 quamquam
563 959 605 982 ex
624 951 708 982 voto
736 956 812 979 rem
838 947 1048 978 eventuram
1076 942 1174 977 haud
1205 948 1446 989 exspectaret:
1483 953 1637 987 cumque
1666 940 1713 975 ad
1739 953 1901 978 auroram

221 1015 423 1061 principem
443 1012 638 1047 adventare
668 1005 919 1043 nuntiabatur,
946 1003 1087 1037 obviam
1117 1003 1151 1037 ei
1169 1004 1237 1038 ivit
1265 1015 1381 1049 usque
1401 1003 1447 1038 ad
1465 1003 1564 1037 urbis
1583 1007 1725 1049 portam
1745 1013 1900 1048 eumque

223 1068 403 1110 salutarit.
453 1067 637 1106 Fer-ociter
665 1079 752 1104 vero
780 1067 815 1102 ei
843 1065 1028 1112 respondit
1057 1064 1162 1099 Alius
1191 1064 1299 1110 Jahja
1329 1074 1485 1111 eumque
1511 1076 1728 1111 magnopere
1747 1064 1902 1098 minatus

224 1144 295 1172 est,
331 1134 485 1172 addens,
512 1145 549 1168 se
577 1132 615 1166 in
641 1135 824 1177 posterum
848 1127 917 1174 ipsi
946 1124 1163 1171 interdicere
1192 1125 1281 1159 urbe
1311 1124 1424 1160 Tsola.
1474 1126 1543 1160 Hic
1572 1137 1656 1160 vero
1686 1125 1799 1160 minas
1827 1135 1901 1162 non

225 1199 366 1234 curavit
396 1202 434 1232 et
463 1207 536 1231 una
564 1206 646 1229 cum
674 1191 837 1238 principe
866 1189 1007 1224 introiit
1035 1188 1151 1224 Walii
1179 1186 1343 1226 domum,
1377 1182 1461 1225 ubi,
1494 1185 1758 1231 aliquantulum
1776 1185 1900 1219 sedata

219 1262 299 1296 ‘Alii
319 1259 446 1306 Jahjae
471 1259 542 1296 ira,
569 1267 651 1290 cum
669 1255 730 1289 illo
760 1251 916 1297 colloqui
944 1248 1091 1294 incepit.
1142 1248 1323 1293 Quamdiu
1351 1253 1474 1282 autem
1491 1247 1536 1282 de
1557 1247 1634 1282 aliis
1652 1247 1759 1281 rebus
1780 1251 1903 1291 ageret

221 1324 399 1357 Anienis,
424 1319 621 1353 humanum
650 1314 816 1361 princeps
843 1323 880 1345 50
908 1308 1074 1356 praebuit
1104 1310 1322 1344 auditorem:
1349 1315 1405 1348 at,
1432 1309 1580 1343 simulac
1609 1308 1655 1343 de
1684 1307 1790 1342 rebus
1819 1306 1904 1341 belli

225 1394 265 1415 ac
284 1380 381 1426 pacis
412 1377 641 1412 sermocinari
669 1375 864 1419 inciperet,
889 1371 980 1405 nihil
1008 1371 1043 1404 ei
1061 1371 1246 1416 respondit
1273 1372 1377 1406 Alius
1406 1370 1530 1417 Jahja,
1555 1383 1673 1417 neque
1694 1369 1837 1404 omnino
1857 1368 1901 1403 ad

222 1443 302 1487 ejus
322 1440 430 1475 verba
451 1438 616 1471 attendit.
665 1435 788 1469 Rediit
807 1433 917 1478 igitur
935 1431 1106 1471 Amerus,
1133 1431 1303 1466 frustrata
1323 1443 1401 1478 spe,
1435 1432 1689 1466 Caucabanum
1709 1436 1746 1465 et
1766 1430 1900 1464 bellum

222 1505 295 1538 :uix
299 1513 395 1536 ersus
422 1499 544 1534 Alium
572 1496 715 1541 Jahjam
749 1494 793 1529 ab
820 1494 963 1527 Hasano
988 1492 1145 1532 Pascha,
1178 1492 1242 1526 has
1268 1504 1324 1526 res
1352 1492 1501 1530 edocto,
1537 1493 1658 1525 statim
1683 1490 1898 1536 parabatur;

223 1577 288 1611 pos
281 1571 415 1609 tquam
434 1572 498 1607 per
518 1557 753 1592 Izzeddinum
770 1554 1017 1600 nequidquam
1036 1554 1142 1587 minis
1162 1552 1280 1587 fuerat
1300 1565 1386 1587 usus
1406 1558 1443 1588 et
1463 1551 1698 1596 indulgentia.

274 1626 369 1658 Dum
390 1622 481 1655 hacc
511 1617 713 1652 Caucabani
734 1621 771 1650 et
792 1615 917 1649 Tsolae
946 1614 1162 1658 agebantur,
1189 1613 1235 1646 ad
1263 1613 1447 1646 Hasanum
1475 1613 1566 1647 varii
1583 1618 1822 1657 pervenerant
1843 1611 1905 1647 rui

226 1698 343 1721 mores
364 1684 408 1717 de
436 1679 630 1717 Lothsalla‚
658 1677 733 1711 Alii
761 1674 889 1720 Jahjae
918 1673 1045 1714 fratre,
1077 1674 1143 1720 qui
1168 1673 1289 1719 paullo
1319 1678 1402 1707 ante
1434 1672 1582 1707 Sultano
1612 1684 1649 1707 se
1679 1672 1902 1707 submiserat.

228 1746 381 1783 Ferebat
400 1744 493 1778 fama
513 1752 596 1775 eum
611 1737 826 1773 clanculum
852 1734 1024 1769 inclinare
1052 1734 1097 1768 ad
1117 1734 1263 1768 fratrem
1291 1740 1328 1769 et
1353 1734 1503 1768 incitare
1530 1733 1645 1768 tribus
1671 1733 1903 1769 Khaulanen-

230 1810 322 1843 sium
342 1813 355 1830 ³
373 1833 381 1846 ‚
407 1801 711 1839 bellicosissimam
730 1798 900 1844 gentem,
927 1795 973 1830 ad
999 1795 1230 1830 rebellionem
1260 1801 1298 1830 et
1326 1795 1568 1830 desectionem
1585 1807 1606 1829 3
1624 1795 1782 1830 Sultano.
1833 1795 1902 1829 Ea-

231 1874 377 1916 propter
398 1865 517 1901 statim
536 1875 600 1910 per
616 1862 754 1896 litteras
775 1871 858 1894 eum
872 1857 1031 1897 monuit,
1056 1869 1122 1896 ne,
1147 1858 1186 1891 id
1215 1857 1370 1902 agendo,
1396 1857 1558 1902 regiones
1578 1869 1658 1891 suas
1678 1856 1846 1903 perderet
1865 1861 1904 1891 et

233 1941 356 1966 earum
375 1927 564 1973 imperium
589 1924 772 1959 amitteret
795 1921 881 1967 ipse.
931 1919 1082 1965 Negavit
1109 1917 1256 1965 quidem
1285 1918 1462 1953 Lothfalla
1489 1918 1690 1953 istiusmodi
1717 1917 1804 1963 quid
1825 1928 1846 1951 a
1865 1928 1904 1952 se

232 1992 290 2038 agi
310 1992 557 2034 insontemque
579 1998 615 2020 se
634 1990 687 2020 est
714 1981 912 2029 professus,
948 1981 1010 2016 sed
1038 1981 1164 2016 eodem
1192 1980 1266 2015 sere
1295 1985 1453 2026 tempore
1483 1980 1617 2014 indicia
1635 1978 1719 2013 satis
1740 1983 1837 2012 certa
1856 1978 1901 2011 ad

229 2054 411 2088 Hasanum
439 2052 696 2097 pervenerunt,
721 2055 814 2091 quae
849 2043 927 2088 ejus
954 2042 1129 2077 fallaciam
1155 2047 1193 2077 et
1215 2041 1402 2088 perfidiam
1426 2041 1627 2077 luculenter
1654 2039 1899 2075 ostenderunt.

234 2114 314 2150 Jam
332 2098 417 2158 ergo*
434 2108 648 2146 Lothsallam
667 2107 823 2142 minatus
843 2110 916 2143 est,
943 2116 978 2139 se
995 2104 1095 2138 brevi
1116 2100 1323 2143 venturum,
1348 2104 1530 2150 regionem
1548 2103 1625 2148 ejus
1645 2100 1902 2147 depopulatum

234 2181 271 2210 et
291 2172 435 2210 castella
455 2171 657 2218 oppidaque
677 2168 715 2217 vi
735 2172 881 2214 captum
899 2177 941 2200 ac
961 2165 1138 2201 deletum:
1165 2165 1296 2212 quihus
1315 2165 1420 2202 minis
1439 2165 1491 2202 ita
1520 2175 1602 2201 eum
1629 2161 1759 2199 terruit
1785 2159 1904 2203 (erant

1839 2230 1902 2252 au·

287 2353 299 2370 ²
321 2333 433 2394 03:2⁹5-
