2055 2865
857 170 1140 205 *79*-

159 275 270 314 quum
296 266 333 300 id
364 264 408 300 ad
437 265 656 304 Caucabani,
680 264 756 310 jam
783 263 986 299 Sultanicae
1014 265 1128 303 urbis,
1156 264 1400 300 defensionem
1436 268 1652 312 pertineret:
1690 271 1836 306 instanti

157 333 277 362 autem
307 328 587 362 Schamseddino
623 326 764 364 annuit,
795 325 1050 370 mandavitque
1076 326 1302 360 Defterdario
1336 334 1377 361 ut
1402 329 1534 362 milites
1565 331 1741 371 mitteret,
1769 335 1832 380 qui

155 391 244 425 illud
262 391 468 436 acciperent
496 395 533 422 et
561 389 699 422 Tsolam
729 386 920 420 traherent.
973 386 1054 430 Quo
1084 386 1198 425 sacto,
1234 394 1425 434 postquam
1450 391 1569 436 ligneo
1597 400 1833 434 armamento,

154 465 226 498 quo
247 452 409 490 carebat,
436 451 652 484 instructum
676 453 752 481 erat
777 459 797 479 a
817 446 1063 486 Defterdario,
1090 447 1265 493 insignem
1292 450 1381 484 illud
1410 453 1447 486 in
1472 454 1607 487 castelli
1627 455 1750 489 Tsolae
1772 457 1831 490 ob-

152 514 290 548 sidione
305 512 473 560 praebuit
491 511 684 544 utilitatem
704 513 740 541 et
757 508 875 553 plures
896 508 1121 555 majoresque
1142 509 1228 544 secit
1246 511 1284 544 in
1310 512 1387 556 ejus
1406 514 1635 548 munimentis
1652 516 1772 549 ruinas
1793 523 1829 550 et

153 574 315 610 fissuras,
349 584 457 617 quam
484 572 621 617 reliqua
651 569 768 603 onmia
804 575 980 603 tormenta
1007 569 1152 610 bellica,
1185 572 1273 606 licet
1301 577 1338 607 et
1364 572 1454 606 haee
1483 575 1719 621 maximopere
1748 578 1826 621 ejus

150 645 269 668 muros
292 631 634 678 conquassavissent.

198 695 345 728 Fractus
366 699 420 727 est
439 694 577 727 interea
597 692 692 737 apud
712 694 921 728 Meswarum
944 692 1018 727 Alii
1036 693 1163 740 Jahjae
1183 696 1236 730 vis
1257 703 1294 731 et
1312 709 1438 743 magna
1454 697 1601 731 ditionis
1628 710 1712 731 suae
1732 705 1832 744 parte

151 754 363 790 fortissimus
391 756 450 789 ille
480 755 645 801 princeps
667 761 721 788 est
749 761 885 788 exutus.
937 755 1067 801 Copiae
1096 769 1184 802 quas
1213 758 1534 798 Schamseddinus‚
1561 760 1653 793 duce
1676 760 1833 794 Jakouto

146 817 389 856 Nekrezanio,
416 818 471 851 uti
499 817 537 849 in
567 816 675 861 hujus
710 817 837 862 capitis
868 816 973 850 initio
1000 818 1241 862 exposuimus,
1276 832 1318 853 ex
1339 821 1445 865 jussu
1473 821 1632 854 Paschae
1660 822 1829 855 adversus

148 879 361 913 Meswarum
378 878 539 916 miserat,
568 878 690 910 castris
719 878 757 910 in
781 877 1030 913 Beit-Odzaka
1048 886 1060 902 ³
1084 881 1223 926 positis,
1251 881 1349 916 varia
1374 881 1518 915 fortuna
1538 882 1728 927 aliquoties
1751 895 1831 916 cum

150 937 225 974 Alii
252 939 379 985 Jahjae
412 939 589 972 exercitu.
628 939 686 972 cui
715 939 823 983 hujus
851 941 1025 984 patruelis
1052 941 1318 976 Mohammedes
1348 941 1371 975 f.
1401 942 1509 975 Hadii
1536 949 1719 987 praeerat,
1755 945 1829 977 acie

147 1006 251 1034 erant
269 1012 497 1046 congressae,
522 1011 633 1045 quum
652 1001 797 1033 tandem
813 1000 1097 1034 Mohammedem
1125 993 1339 1036 devicerunt
1362 1007 1399 1035 et
1429 1003 1506 1046 ejus
1524 1005 1683 1037 exercitu
1711 1005 1833 1050 fugato

147 1062 264 1107 ipsum
292 1074 365 1095 una
392 1074 472 1095 cum
500 1060 582 1094 Alio
612 1060 718 1104 Jahja
743 1061 780 1093 in
820 1062 964 1094 castello
991 1062 1154 1096 Meswari
1181 1063 1359 1095 inclusum
1390 1068 1595 1095 tenuerunt.
1649 1064 1693 1097 In
1723 1065 1832 1109 hujus

147 1123 319 1169 principis
337 1128 514 1168 potestate
535 1127 611 1155 tum
638 1133 710 1154 non
738 1128 984 1156 remanserunt
1012 1123 1049 1156 in
1087 1128 1204 1157 tractu
1231 1123 1396 1157 Meswari
1428 1123 1497 1155 nisi
1524 1123 1732 1168 paucissimi
1761 1128 1832 1159 vici

146 1184 242 1218 inter
257 1184 420 1228 Ragilum
437 1182 451 1204 b
478 1188 515 1215 ct
542 1182 732 1215 Hedadum
750 1188 763 1205 ⁰
791 1182 859 1216 siti.
912 1184 1120 1217 Istiusmodi
1146 1196 1230 1218 vero
1262 1196 1374 1230 quum
1402 1189 1478 1217 erat
1504 1183 1578 1216 Alii
1606 1185 1733 1230 Jahjae
1763 1192 1832 1220 sta-

146 1251 220 1284 tus,
247 1250 289 1278 ut
306 1243 364 1278 vix
386 1243 536 1277 salutem
552 1243 686 1277 nedum
702 1244 888 1278 victoriam
908 1257 1048 1291 sperare
1068 1251 1204 1291 posset,
1232 1245 1341 1278 ctiam
1357 1246 1446 1278 aliae
1461 1247 1584 1291 copiae
1604 1246 1827 1287 Sustunieae,

141 1304 294 1339 ducibus
315 1304 394 1351 Aga
415 1305 560 1344 Selaho,
588 1306 733 1339 Morado
764 1305 842 1350 Aga
871 1312 907 1339 et
929 1307 1091 1346 Ciwano,
1120 1312 1347 1340 accesserunt
1370 1307 1415 1340 ad
1437 1307 1708 1340 Schamscddini
1730 1321 1830 1342 exer-

142 1367 343 1412 citumjam
362 1366 552 1406 victorem,
572 1379 664 1412 quae
684 1367 853 1412 deinceps
872 1368 1074 1412 conjunctis
1087 1368 1222 1402 viribus
1233 1368 1410 1401 continuo
1430 1380 1512 1401 cum
1532 1375 1831 1413 oppugnaruntct

141 1428 379 1472 maximopere
402 1429 480 1472 ejus
498 1428 696 1472 potentiam
722 1427 916 1471 fregerunt.
969 1429 1138 1462 Desertus
1169 1429 1264 1461 enim
1293 1428 1337 1461 ab
1371 1429 1566 1462 auxiliariis
1594 1429 1767 1463 militibus
1792 1437 1828 1464 ct

141 1487 245 1521 sociis
268 1492 408 1519 tantum
437 1499 508 1519 non
536 1488 716 1526 omnihus,
743 1500 832 1533 quos
855 1489 1009 1522 cladium
1038 1489 1273 1534 fugarumque
1303 1488 1488 1527 taedebat,
1526 1495 1562 1522 et
1590 1490 1660 1523 suis
1690 1491 1826 1524 viribus

142 1547 440 1592 subditorumque
464 1552 603 1580 tantum
622 1549 830 1581 defensione
849 1550 947 1582 nisus
967 1549 1067 1583 brevi
1087 1551 1131 1583 ad
1160 1563 1237 1583 eam
1265 1550 1421 1594 inopiam
1447 1556 1483 1583 et
1501 1557 1750 1596 paupertatem
1772 1558 1826 1585 est

140 1608 324 1645 redactus,
351 1613 392 1639 ut
410 1619 482 1639 non
509 1608 659 1641 haberet
684 1609 780 1653 quod
809 1610 852 1641 ad
878 1610 1119 1642 necessarium
1149 1611 1285 1643 victum
1312 1610 1468 1642 milituln
1496 1615 1532 1642 ct
1563 1610 1717 1644 familiae
1741 1625 1826 1646 suae

141 1674 303 1715 erogaret
319 1668 390 1701 nisi
407 1668 580 1701 mundum
599 1674 635 1701 et
654 1675 861 1702 ornamenta
884 1681 1034 1702 uxorum
1064 1675 1100 1702 et
1128 1670 1307 1714 pellicum.
1360 1670 1403 1702 In
1430 1682 1518 1715 quas
1543 1671 1722 1715 angustias
1742 1685 1822 1707 cuin

140 1731 306 1766 redactus
326 1735 419 1763 esset
436 1728 540 1762 Alius
559 1729 681 1775 Jahja,
704 1730 874 1763 incitatus
894 1736 946 1763 cst
968 1730 1012 1763 ab
1033 1730 1154 1763 amicis
1172 1736 1208 1764 et
1228 1730 1387 1776 inprimis
1408 1731 1452 1764 ab
1473 1731 1551 1776 ejus
1563 1732 1688 1765 Vesiro
1706 1733 1783 1767 Alio
1796 1736 1817 1768 f.

138 1792 314 1827 Ahmedis
345 1791 389 1824 ad
412 1802 539 1836 pacem
569 1803 650 1825 cum
680 1792 821 1825 llasano
848 1790 985 1824 Pascha
1012 1792 1319 1837 componendam:
1357 1792 1449 1825 hane
1480 1793 1555 1825 sine
1582 1792 1692 1827 dubio
1720 1795 1819 1829 illum

138 1864 342 1900 comparare
371 1852 576 1885 etiamnunc
602 1864 722 1897 posse,
759 1852 805 1890 si,
842 1852 974 1885 tradito
1003 1853 1126 1885 Tsolae
1160 1853 1321 1892 castello,
1357 1853 1395 1886 in
1421 1846 1624 1887 clientelam
1651 1867 1687 1888 se
1714 1856 1815 1889 daret

136 1914 295 1951 Paschae
311 1919 347 1947 et
366 1913 578 1959 obsequium
598 1914 746 1947 Sultano
763 1913 1010 1958 polliceretur:
1038 1912 1130 1947 lianc
1153 1926 1259 1946 unam
1281 1915 1402 1948 salutis
1424 1915 1515 1949 viam
1539 1916 1566 1948 si
1587 1923 1811 1961 sequeretur.

136 1973 300 2010 Meswari
321 1974 438 2008 forsan
465 1974 654 2025 imperium
674 1974 828 2007 retinere
846 1986 928 2006 eum
946 1986 1060 2019 posse.
1112 1975 1190 2008 Non
1210 1980 1326 2009 tamen
1347 1976 1502 2009 attendit
1523 1976 1626 2010 Alius
1642 1978 1746 2023 Jahja
1768 1979 1811 2010 ad

138 2047 261 2071 eorum
273 2046 468 2072 sermones,
487 2034 549 2066 sed
561 2039 764 2067 constanter
782 2046 817 2067 se
829 2034 1020 2068 defendere
1036 2036 1207 2081 perrexit:
1229 2037 1338 2082 magis
1349 2037 1443 2071 enim
1454 2038 1565 2070 iratus
1577 2045 1651 2071 erat
1668 2044 1813 2082 propter

136 2096 295 2132 Paschae
315 2094 487 2141 perfidam
505 2100 541 2127 et
561 2094 785 2128 subitaneam
805 2095 1042 2135 invasionem,
1069 2109 1177 2142 quam
1202 2103 1242 2131 ut
1258 2110 1383 2143 pacem
1415 2111 1495 2132 eum
1515 2099 1574 2131 illo
1596 2098 1720 2137 iniret,
1748 2101 1812 2145 qui

132 2157 368 2205 jurejurando
390 2156 566 2189 sancitum
586 2148 711 2189 'foedus
730 2162 802 2189 tam
821 2157 892 2190 cito
919 2164 1082 2203 ruperat,
1113 2165 1149 2192 ct
1169 2159 1278 2193 satius
1304 2160 1406 2194 duxit
1422 2160 1547 2204 quavis
1572 2159 1711 2193 ratione
1734 2173 1809 2194 sese

1754 2223 1814 2257 dc—

306 2318 314 2330 )
398 2319 426 2332 Cp

190 2340 201 2358 ²
222 2323 321 2366 533ch
349 2347 432 2374 Ἣ
479 2361 484 2366 ,
597 2333 614 2356 ¹³
630 2333 745 2381 d—nssss-
913 2340 926 2357 c
945 2335 1040 2369 οἵων.
