2055 2865
897 203 1184 227 -—x11-—⁴

247 304 343 339 Libri
364 305 472 349 liujus
494 304 687 340 editionem
711 320 832 354 parare
858 311 976 358 incepi
1004 327 1075 349 non
1096 318 1146 351 ita
1170 318 1232 353 diu
1255 326 1334 365 post
1357 323 1559 364 luctuosum
1584 331 1772 368 Hamakeri
1796 336 1874 370 obi-

200 383 294 415 tum,
320 389 391 422 quo
415 377 547 412 sactum
571 386 642 417 est,
670 387 710 414 ut
736 382 812 416 Viri
835 385 969 421 Summi
989 388 1204 425 destituerer
1229 395 1377 435 auxilio,
1402 398 1505 443 cujus
1528 402 1564 436 in
1585 403 1652 439 hoc
1674 409 1871 443 studiorum

198 462 325 494 genere
361 451 543 495 singularis
569 459 605 486 et
637 462 803 490 accurata
827 457 989 494 doctrina
1015 465 1194 509 egregium
1229 468 1262 500 ei
1285 470 1462 506 attulisset
1494 474 1748 520 adjumentum.
1800 483 1872 515 Mo-

194 524 331 556 lestiam
352 530 488 563 autem,
510 538 616 571 quam
642 528 729 561 mihi
756 531 870 574 operis
899 533 1092 570 editionem
1113 540 1238 582 procul
1266 541 1350 576 hinc
1378 544 1415 577 in
1440 557 1522 590 agro
1548 547 1774 596 Groningano
1796 565 1869 588 me-

195 596 324 630 ditanti
351 598 542 632 exhibebat
572 600 682 634 nimia
707 614 726 635 a
748 605 845 648 prelo
869 605 1056 648 distantia,
1081 610 1281 647 sublevavit
1301 627 1371 649 non
1399 623 1556 660 tantum,
1582 623 1642 657 sed
1671 631 1708 659 et
1728 627 1871 670 penitus

195 671 340 704 sustulit
366 672 523 705 amicitia
550 672 589 707 V.
615 674 662 707 CI
690 675 733 708 H.
756 676 793 710 E.
812 679 1016 723 Weijersii,
1043 683 1122 727 qui,
1149 696 1220 729 qua
1237 693 1291 721 est
1310 688 1532 727 humanitate
1553 701 1589 729 et
1612 697 1647 730 in
1667 697 1721 732 his
1744 701 1869 734 studiis

191 744 440 787 promovendis
458 745 602 784 ardore,
630 749 875 795 cujuscunque
896 752 1057 797 plagulae
1080 758 1259 800 specimen
1278 762 1427 797 alterum
1451 768 1668 815 tertiumque
1687 774 1868 818 perleoere

192 823 228 849 et
253 829 272 849 a
301 817 397 851 xitiis
428 819 688 863 typographicis
722 832 871 865 ρυιΗςειιρ
899 826 1031 859 voluit:
1069 829 1164 873 quod
1197 843 1304 876 qnam
1335 845 1500 873 accurate
1531 841 1656 876 fecerit
1683 851 1718 878 et
1745 859 1865 881 omnes·

191 890 405 933 conjiciunt,
429 890 491 936 qui
516 897 716 925 accuiatam
748 893 825 936 ejus
848 897 976 940 agendi
998 900 1170 936 rationein
1195 912 1344 945 norunt,
1370 914 1406 942 et
1436 921 1477 944 ex
1503 911 1579 957 ipso
1603 914 1692 948 libro
1717 917 1867 953 lectores

189 962 292 995 facile
319 963 545 1007 perspicient.
596 964 698 998 Idem
724 966 811 999 mihi
836 975 960 1003 auctor
988 972 1076 1012 fuit,
1103 982 1144 1009 ut
1170 976 1213 1010 ad
1240 979 1369 1022 pedem
1389 983 1596 1027 paginarum
1623 989 1765 1023 nomina
1787 1003 1866 1036 pro-

184 1036 281 1079 pria,
316 1035 507 1069 notissimis
534 1042 671 1070 tantum
706 1040 879 1084 exceptis,
906 1043 1018 1078 literis
1048 1046 1210 1082 Arabicis
1238 1063 1435 1094 exararem,
1463 1069 1534 1101 quo
1567 1061 1679 1095 omnis
1710 1063 1754 1097 de
1786 1076 1863 1110 pro·

183 1108 409 1141 nuntiatione
430 1108 619 1143 haesitatio
645 1111 849 1147 evitaretur.
903 1117 1059 1152 Tandem
1082 1124 1372 1160 annotationibus
1399 1129 1485 1163 meis
1507 1133 1694 1168 nonnullas
1716 1145 1863 1172 annota-

184 1180 299 1213 tiones
326 1182 524 1220 inmiscuit,
552 1196 660 1228 quae,
688 1186 828 1220 uncinis
858 1189 1013 1226 inclusae
1037 1200 1073 1228 et
1099 1194 1212 1230 literis
1243 1200 1322 1244 ejus
1350 1202 1501 1236 nominis
1527 1205 1724 1242 initialibus
1754 1211 1861 1257 insig-

185 1254 302 1296 nitae,
338 1254 431 1288 intel
456 1267 531 1301 pag.
558 1256 627 1291 128
649 1264 685 1292 et
713 1261 782 1296 158
807 1263 1047 1300 inveniuntur.
1107 1268 1153 1303 Et
1176 1282 1217 1303 eo
1245 1284 1358 1319 usque
1383 1275 1530 1321 quidem
1559 1279 1618 1313 hic
1649 1281 1740 1316 liber
1770 1286 1860 1329 typis

184 1326 384 1371 descriptus
405 1335 497 1367 erat,
523 1342 631 1375 quum
649 1332 685 1365 in
709 1333 801 1369 hane
823 1336 994 1373 Academi
984 1353 1053 1374 am
1075 1349 1221 1378 vocatus
1242 1347 1314 1380 otio
1337 1348 1381 1382 ad
1405 1349 1503 1383 illum
1524 1353 1781 1397 perficiendum
1803 1369 1858 1392 ea-

182 1411 311 1432 ierem:
329 1400 424 1445 quod
446 1401 606 1436 simulac
632 1417 695 1449 per
719 1407 824 1442 ferias
846 1412 997 1446 aestivas
1017 1422 1143 1449 nactus
1165 1430 1259 1457 sum,
1276 1420 1362 1454 huie
1382 1423 1434 1456 rei
1454 1423 1599 1470 inpendi
1616 1433 1652 1461 et
1668 1429 1743 1473 jam
1765 1433 1857 1467 solus

178 1472 341 1518 inpendi,
363 1473 653 1520 quandoquidem
672 1479 763 1513 nihil
783 1484 933 1528 amplius
948 1497 1004 1519 me
1020 1487 1123 1531 juxta
1144 1491 1282 1534 prelum
1310 1492 1532 1530 habitantem
1556 1500 1760 1545 impediret,
1787 1517 1859 1549 quo

176 1547 293 1580 minus
315 1547 389 1592 ipse
411 1548 546 1592 opellae
567 1549 675 1595 hujus
694 1552 890 1589 editionem
907 1570 1075 1593 curarem.
1112 1562 1302 1608 Quumque
1323 1567 1411 1600 adeo
1427 1580 1492 1612 per
1507 1569 1583 1604 Viri
1600 1572 1686 1607 Clar.
1699 1575 1858 1621 Weijer-

176 1620 219 1652 sii
245 1619 394 1652 amicam
415 1630 518 1664 opem
537 1622 649 1666 major
668 1625 784 1668 operis
808 1639 888 1671 pars
919 1635 989 1663 tam
1014 1640 1181 1668 accurate
1205 1636 1241 1668 in
1262 1636 1379 1671 lucem
1404 1641 1546 1684 prodire
1573 1646 1706 1688 possit,
1735 1660 1854 1693 spero,

177 1691 270 1729 sore,
295 1698 336 1725 ut
355 1691 506 1725 lectores
528 1694 700 1739 reliquam
727 1697 805 1742 ejus
829 1707 982 1745 partem,
1004 1705 1087 1738 inde
1114 1719 1133 1739 a
1154 1719 1230 1754 pag.
1248 1708 1339 1750 161,
1365 1725 1471 1758 quam
1490 1715 1602 1756 solus,
1625 1725 1666 1752 ut
1687 1719 1737 1754 sas
1757 1731 1853 1763 erat,

176 1777 198 1797 a
229 1764 326 1798 vitiis
351 1777 501 1810 purgare
536 1767 673 1807 studui,
700 1771 934 1816 probabiliter
965 1777 1101 1813 editum
1135 1781 1319 1818 inveniant
1348 1791 1385 1819 et
1424 1788 1630 1825 universum
1658 1793 1785 1829 librum
1813 1810 1854 1832 ex

176 1849 290 1882 aequo
317 1844 353 1872 et
383 1838 476 1872 bono
496 1839 673 1883 judicent.

269 1937 403 1972 Dabam
428 1939 593 1986 Lugduni
619 1944 655 1978 in
682 1945 847 1988 Batavis,
874 1949 958 1994 ipsis
984 1952 1110 1988 Idibus
1140 1956 1335 2001 Septembr.
1362 1970 1619 1999 MDcccxxxvm.

1183 2086 1230 2122 Α.
1287 2088 1683 2132 RUTGERS.
