2055 2865
784 180 871 193 te„-
910 162 966 198 '63
1013 181 1083 190 ...-

98 261 231 298 statim
250 255 400 305 dispersi
419 255 718 302 fugerint·omnes
736 261 777 291 ut
794 256 987 302 plurimum
1010 257 1049 291 in
1063 257 1244 303 regionem
1263 256 1579 295 Khaulanensium.
1629 261 1779 300 Selahus

106 323 133 358 f.
155 320 330 356 Ahmedis
357 325 394 353 et
421 318 584 353 Mahdius
610 330 692 352 cum
716 330 827 364 parva
852 318 1009 351 militum
1036 330 1145 352 manu
1167 320 1432 355 contenderunt
1455 334 1578 357 versus
1597 326 1782 361 castellum

107 382 381 420 Omm-Lailam:
418 379 683 414 Mohammedes
703 379 725 413 f.
744 378 919 413 Ahmedis
946 390 1027 411 011111
1056 379 1125 412 alio
1156 381 1294 424 agmine
1323 382 1450 427 exiguo
1469 385 1578 428 petiit
1597 385 1782 421 Ahnoumi

105 445 305 492 principem
323 443 499 476 Imamum
516 442 713 475 Hasanum:
740 439 869 486 reliqui
889 440 1021 473 milites
1042 440 1272 485 Moajjeditae
1292 448 1329 475 et
1349 444 1525 478 auxiliarii
1537 458 1657 480 01111105
1675 460 1782 493 quam

107 507 258 542 maxime
279 509 362 538 sunt
380 502 539 548 dispersi.
589 501 701 535 Pauci
716 501 779 546 qui
800 507 1042 535 remanserant
1072 501 1111 534 in
1130 501 1368 536 anterioribus
1396 506 1519 539 castris
1549 512 1611 541 aut
1641 508 1726 542 111110
1746 521 1782 543 se

105 571 335 612 receperant,
368 563 462 608 capti
483 568 566 595 sunt
595 574 615 595 a
643 562 792 601 Sinano‚
819 563 883 608 qui
911 568 1058 608 accepto
1086 562 1258 597 victoriae
1283 563 1411 596 nuntio
1433 576 1514 598 cum
1528 569 1666 613 reliquo
1686 583 1781 604 exer-

107 629 184 662 citu
212 626 321 659 citato
352 635 458 657 cursu
488 629 566 657 erat
594 635 798 669 progressus
828 630 865 658 et
895 624 1018 658 castris
1047 624 1146 658 hisee
1175 624 1316 658 intratis
1343 626 1439 659 omni
1461 636 1633 672 apparatu
1654 631 1781 664 bellico

104 688 330 731 militumque
351 684 454 718 bonis
472 690 549 718 erat
568 686 715 730 potitus.
767 686 933 731 Pepercit
960 685 1020 719 hic
1050 691 1169 719 tamen
1194 687 1362 732 captivis,
1388 700 1477 733 quos
1506 701 1625 724 omnes
1656 692 1782 726 eodem

102 750 163 785 die
192 748 322 781 liberos
352 745 498 779 dimisit.
549 746 695 781 Inter-iit
728 748 779 781 ita
808 746 990 781 Ahmedes
1020 747 1240 792 al-Moajjedi
1275 748 1402 782 ultimo
1432 750 1491 783 die
1528 751 1781 788 Dzoulkaadae

105 810 189 844 anni
208 808 276 843 991
301 807 353 851 (a.
373 806 406 840 d.
427 807 448 840 5
467 807 675 841 Decembris
699 808 824 852 1583.)

154 870 286 904 Castris
306 869 394 901 item
415 868 646 902 ulterioribus
674 870 893 915 recuperatis
925 870 1034 904 vertit
1064 883 1100 904 se
1132 871 1284 905 Sinanus
1315 882 1396 903 cum
1423 871 1517 905 omni
1548 875 1707 908 exercitu
1738 876 1783 910 ad

103 931 232 967 urbem
252 928 419 968 Saadam,
448 930 551 974 cujus
572 929 708 963 incolae
730 931 763 964 ei
784 936 1017 964 occurrerunt
1037 943 1146 976 prope
1164 932 1307 969 urbem,
1336 932 1476 965 veniam
1497 939 1533 966 et
1553 937 1780 971 securitatem

106 991 278 1028 submisse
296 995 528 1036 quaerentes,
554 1002 661 1036 quam
689 998 770 1036 post
797 1003 921 1025 eorum
950 992 1112 1024 continui
1142 991 1305 1036 obsequii
1334 993 1602 1036 promissionem
1630 997 1672 1028 iis
1699 1010 1780 1030 eon-

105 1053 212 1088 cessit
234 1052 394 1086 Sinanus.
444 1052 522 1085 Hoc
549 1052 644 1084 enim
667 1051 718 1084 illi
750 1052 1027 1097 praescripserat
1052 1052 1215 1085 Hasanus
1243 1051 1398 1091 Pascha,
1424 1059 1466 1086 ut
1492 1054 1587 1087 vitae
1610 1055 1712 1089 daret
1730 1070 1780 1090 50-

103 1115 293 1150 curitatem
321 1112 502 1150 omnibus,
527 1111 591 1157 qui
618 1111 856 1158 obsequentes
886 1125 961 1147 sese
991 1119 1214 1158 praestarent
1244 1113 1393 1158 imperio
1425 1114 1631 1149 Otsmanico
1661 1128 1779 1163 neque

105 1177 219 1211 ullum
244 1172 394 1207 haberet
421 1184 523 1206 reum
550 1172 595 1206 ob
623 1179 773 1218 peccata
807 1174 1079 1219 praecedentia,
1107 1175 1169 1208 sed
1198 1175 1361 1208 omnibus
1390 1176 1626 1215 condonaret,
1653 1179 1715 1223 qui
1737 1179 1781 1212 ad

103 1238 182 1283 ejus
210 1233 435 1270 clementiam
459 1239 496 1267 et
521 1234 809 1269 benevolentiam
834 1235 1077 1281 confugerent.
1135 1236 1340 1270 Exercitum
1370 1236 1451 1270 ideo
1480 1237 1631 1271 Sinanus
1662 1239 1778 1285 dispo-

103 1298 176 1333 suit
190 1308 302 1343 prope
322 1295 447 1329 urbem
468 1296 634 1335 Saadam,
657 1302 770 1330 eastra
790 1297 828 1330 in
848 1309 930 1343 agro
949 1304 1104 1331 metatus
1123 1311 1168 1332 ne
1194 1310 1214 1331 a
1236 1298 1410 1331 militibus
1432 1298 1623 1332 Sultanicis
1641 1300 1776 1335 incom-

104 1359 202 1394 modi
220 1358 308 1405 quid
325 1362 536 1403 paterentur
555 1358 689 1391 Saadae
706 1359 819 1398 cives,
847 1359 933 1392 dum
953 1360 1027 1404 ipse
1048 1359 1196 1391 Sanaam
1215 1359 1346 1392 adibat.

110 1428 114 1445 ='
151 1419 370 1466 Longissime
390 1418 537 1464 quidem
556 1419 645 1452 11300
671 1419 845 1453 benevola
866 1420 1034 1465 mitisque
1065 1431 1146 1463 erga
1176 1419 1276 1453 vivos
1301 1420 1429 1465 agendi
1457 1421 1549 1455 ratio
1573 1421 1705 1458 distitit
1733 1426 1778 1460 ab

104 1478 388 1516 inhumanitate,
422 1491 495 1523 qua
523 1492 604 1523 erga
633 1486 791 1514 mortuos
819 1487 901 1514 sunt
928 1480 1001 1518 usi,
1035 1491 1187 1525 quorum
1215 1480 1373 1514 omnium
1400 1482 1515 1527 capita
1550 1491 1686 1519 resecta
1713 1487 1775 1521 Sa-

106 1551 210 1575 naam
242 1539 497 1583 transportavit
531 1539 682 1573 Sinanus
708 1547 877 1587 tanquam
910 1541 1081 1575 victoriae
1110 1540 1323 1574 testimonia.
1385 1542 1472 1575 Cum
1497 1555 1623 1588 magna
1648 1559 1779 1593 pompa

103 1603 230 1636 urbem
246 1600 339 1632 hanc
358 1599 417 1631 ille
435 1600 574 1633 introiit
590 1606 626 1633 et
646 1613 724 1633 cum
740 1607 848 1634 cantu
866 1607 901 1635 et
918 1607 1164 1645 tympanorum
1180 1602 1381 1645 pulsatione
1398 1613 1462 1646 per
1483 1615 1561 1636 eam
1581 1606 1777 1643 circumiit:

104 1664 223 1710 capita
241 1672 326 1696 vero
342 1659 517 1693 Ahmedis
536 1667 572 1694 et
586 1661 770 1696 Izzeddini
794 1662 897 1695 affixa
923 1661 1060 1695 baculis
1084 1661 1254 1707 insignita
1278 1668 1379 1695 erant
1402 1663 1527 1707 capitis
1551 1665 1778 1709 velamentis,

104 1721 343 1768 atareliquis
369 1720 665 1766 dignoscerentur
691 1723 879 1769 capitibus.
931 1722 1102 1756 Sinanum
1134 1734 1218 1756 vero
1249 1722 1513 1768 perhonorifice
1541 1726 1681 1771 excepit
1712 1728 1776 1762 Pa-

104 1785 207 1825 seha,
234 1784 297 1831 qui
314 1783 370 1817 uti
381 1784 459 1829 jam
478 1790 559 1818 ante
582 1785 661 1830 ejus
678 1786 873 1819 adventum
887 1796 952 1830 per
971 1784 1037 1818 Dei
1058 1784 1301 1817 laudationem
1319 1782 1501 1829 publicam
1526 1791 1563 1819 et
1588 1787 1777 1835 eleemosy-

106 1851 168 1883 nas
192 1844 409 1892 pauperibus
444 1851 480 1879 et
507 1847 627 1891 egenis
659 1859 842 1881 concessas
877 1846 1052 1880 laetitiam
1079 1858 1178 1879 suain
1212 1846 1481 1886 declaraverat,
1515 1859 1612 1882 nune
1648 1851 1775 1886 victori

105 1906 285 1954 Praesenti
303 1906 433 1952 gratias
454 1908 527 1953 egit
548 1914 585 1942 et
610 1909 735 1942 retulit
758 1919 919 1942 summas.
970 1908 1056 1941 Post
1080 1918 1213 1951 paucos
1239 1906 1315 1940 dies
1343 1909 1494 1943 Sinanus
1512 1910 1556 1944 ad
1581 1913 1777 1948 exercitum
1814 1953 1819 1960 Α

108 1979 212 2003 suum
231 1967 355 2006 rediit,
375 1974 423 2002 *ut
441 1968 598 2002 hostiurn
613 1969 781 2015 reliquias
796 1974 1074 2015 persequeretur
1100 1973 1137 2002 et
1159 1969 1308 2014 imperio
1335 1969 1562 2005 submitteret
1583 1973 1775 2009 Sultanico.
1804 1962 1807 1963 ⁷

104 2029 279 2062 Celeriter
296 2028 488 2062 admodum
504 2029 596 2062 sama
616 2030 724 2075 hujus
741 2031 912 2064 victoriae
930 2035 968 2064 et
987 2030 1256 2075 expugnationis
1272 2030 1371 2065 urbis
1400 2032 1533 2066 Saadae
1562 2036 1720 2069 manavit
1738 2037 1775 2070 in

111 2098 222 2126 terras
248 2089 304 2122 vel
329 2090 477 2123 maxime
502 2090 652 2124 dissitas.
704 2092 840 2125 Incidit
878 2091 974 2124 enim
999 2090 1078 2137 Aga
1097 2092 1201 2125 Alius
1230 2092 1436 2131 Mohordar,
1473 2106 1579 2139 quem
1605 2096 1776 2131 victoriae

111 2151 278 2186 nuntium
305 2150 466 2183 Hasanus
493 2151 626 2196 legavit
646 2142 694 2185 vad
724 2153 928 2191 Sultanum,
954 2153 991 2186 in
1015 2153 1296 2198 peregrinatores
1320 2155 1476 2188 Meccam
1501 2161 1684 2199 petentes,
1710 2170 1775 2203 per

112 2211 350 2258 qnos'Hasani
378 2210 528 2244 victoria
555 2218 592 2246 et
617 2213 791 2248 Ahmedis
818 2214 986 2249 interitus
1014 2215 1155 2249 Meccae
1171 2215 1348 2254 innotuit,
1385 2214 1480 2249 unde
1506 2228 1776 2263 quoquoversus

109 2274 188 2321 ejus
206 2273 255 2307 rei
272 2271 401 2307 notitia
424 2279 477 2308 est
494 2273 660 2320 dispersa.

1725 2340 1782 2375 In-
