2055 2865
883 180 1165 213 *12*

242 278 305 312 His
335 277 385 310 ita
413 273 648 320 praeparatis,
683 270 866 306 Izzcddini
896 271 1046 307 Vezirus
1074 270 1182 305 rediit
1220 270 1469 306 Caucabanum
1499 279 1535 307 et
1566 286 1645 308 cum
1683 276 1742 309 illo
1771 275 1868 312 misit

195 337 354 372 Hasanus
376 336 607 380 interpretem
631 344 734 367 suum
754 332 970 372 Hoseinum,
996 332 1111 366 virum
1132 332 1183 365 rei
1213 333 1379 377 politicae
1404 334 1675 378 peritissimum,
1702 337 1865 373 Mothah-

196 398 319 431 herum
341 395 362 429 f.
392 394 600 429 Schowaiae
621 399 632 415 ⁸
660 398 698 427 et
726 393 849 427 Alium
874 393 895 426 f.
916 392 1104 426 Mattaschi
1133 393 1372 426 Khaulanium
1393 392 1408 414 b
1444 404 1524 426 cum
1549 396 1707 430 vestibus
1730 398 1862 443 magni-

195 457 271 492 ficis
293 456 410 490 Emiro
430 455 623 489 Izzeddino
643 454 793 500 ejusque
815 454 888 487 filio
919 453 1197 487 Schamseddino
1227 452 1400 486 donandis
1421 459 1457 487 et
1475 454 1621 493 litteris,
1647 468 1740 501 quae
1757 459 1863 493 ratio-

193 529 255 552 nes
282 515 505 562 explicabant
532 515 685 550 foederis
715 515 809 548 inter
828 515 1009 549 Hasanum
1030 519 1065 548 et
1091 514 1275 548 Izzeddini
1304 514 1471 549 Vezirum
1491 517 1706 560 praeparati3
1733 517 1863 562 quibus

194 577 371 624 perceptis
392 583 428 611 et
450 575 704 621 comprobatis,
726 575 980 621 jusjurandum
1008 575 1097 610 dixit
1127 574 1338 611 Izzeddinus
1360 586 1441 609 cum
1461 576 1539 620 ejus
1564 576 1638 609 filio
1659 577 1866 613 Schamsed.

195 639 279 672 diuo
310 649 427 671 coram
450 637 576 683 legatis
605 636 738 670 Hasani
765 636 938 675 laudatis,
973 636 1103 670 Veziro
1132 635 1378 670 Mohammede
1409 642 1445 670 et
1475 637 1649 670 exercitus
1669 638 1746 682 ejus
1766 650 1866 683 prae.

196 699 291 733 secto
312 697 498 732 Schabano
518 702 541 730 Ε.
589 697 787 731 Redierunt
809 702 884 730 tum
902 696 1012 741 legati
1026 696 1222 741 magnificis
1252 696 1459 731 muneribus
1486 697 1609 731 donati
1639 709 1718 731 cum
1745 699 1869 733 Izzed»

195 760 271 794 dini
284 759 412 794 Veziro
429 757 473 791 ad
494 756 685 795 pascham,
709 757 790 802 qui,
817 756 941 790 audito
973 755 1211 802 jurisjurandi
1238 756 1284 791 ab
1311 757 1503 792 Izzeddino
1531 759 1694 803 praestiti
1719 759 1869 799 nuntio,

199 832 316 854 coram
335 819 461 853 iisdem
480 817 585 850 simili
599 815 836 861 jurejurando
855 815 981 849 foedus
998 816 1149 849 sancivit
1175 821 1211 849 et
1231 815 1398 851 Vezirum
1415 817 1560 862 largiter
1573 819 1762 858 donatum,
1788 824 1868 866 post

197 882 332 927 aliquot
353 880 492 913 dierum
511 875 823 909 commorationem
841 874 1075 909 honorificam
1092 876 1204 908 amice
1219 875 1364 908 dimisit.

244 943 321 975 Hoc
351 951 433 985 ergo
461 937 606 983 negotio
636 936 817 975 absoluto,
843 936 959 981 parari
985 936 1094 981 jussit
1124 937 1237 969 multa
1269 941 1446 971 tormenta
1472 935 1601 971 bellica
1630 942 1667 970 et
1683 937 1876 983 imperavit

196 1001 369 1037 exercitui
399 999 601 1036 Sultanico,
632 1002 674 1032 ut
703 1008 742 1030 se
770 1002 997 1030 converteret
1028 996 1072 1029 ad
1103 996 1300 1030 Dhal'arum
1337 996 1505 1030 adversus
1535 997 1817 1033 Mohammedem
1845 999 1870 1035 f.

196 1061 329 1103 Nasiri3
356 1060 407 1093 ita
432 1058 597 1106 quidem,
623 1062 665 1093 ut
692 1056 845 1102 primum
874 1056 1086 1102 irrumperet
1116 1056 1154 1092 in
1182 1057 1363 1102 regionem
1390 1055 1584 1090 Dhahiram
1611 1069 1725 1104 eaque
1745 1070 1877 1105 expug-

198 1128 282 1156 nata
302 1120 485 1154 obsidione
507 1118 666 1164 cingeret
686 1117 870 1151 castellum
889 1116 1107 1156 Dhafarum,
1133 1116 1169 1151 in
1189 1129 1261 1163 quo
1291 1117 1555 1151 Mohammedes
1577 1123 1663 1151 tunc
1683 1130 1871 1155 commora-

199 1184 323 1220 batur,
358 1179 520 1226 illudque
549 1183 789 1224 oppugnaret,
823 1177 939 1221 donec
968 1178 1004 1212 vi
1031 1184 1217 1223 caperetur
1246 1184 1309 1213 aut
1338 1189 1359 1212 a
1386 1177 1630 1214 Mohammede
1660 1179 1851 1215 dederetur
1861 1196 1875 1224 -,

199 1244 284 1278 dein
303 1242 429 1277 urbem
449 1239 598 1274 Saadam
616 1244 757 1286 peteret
777 1239 857 1284 ejus
875 1239 1139 1284 recuperandae
1159 1239 1281 1285 gratia.

250 1305 395 1338 Interea
412 1301 498 1335 dum
517 1300 608 1335 haec
638 1299 920 1345 apparabantur,
946 1300 991 1334 ad
1021 1300 1256 1336 Izzeddinum
1283 1299 1382 1334 venit
1409 1299 1547 1345 legatus
1577 1311 1597 1334 a
1627 1300 1876 1337 Gautseddino

202 1366 328 1399 missus
349 1374 391 1396 eo
412 1361 559 1395 consilio
580 1360 740 1394 utillum
760 1360 806 1393 ab
835 1360 968 1396 Hasani
1002 1360 1174 1397 societate
1203 1361 1393 1398 reduceret
1422 1365 1458 1393 et
1486 1360 1639 1394 amicum
1667 1362 1874 1409 sociumque

203 1424 369 1463 redderet
398 1420 473 1455 Alii
510 1419 639 1465 Jahjae
673 1419 855 1466 hujusque
886 1420 1054 1454 fratribus
1084 1426 1122 1454 et
1150 1420 1285 1463 sociis;
1326 1420 1518 1454 nuntiabat
1547 1421 1606 1455 ille
1637 1421 1876 1458 Gautseddini

202 1485 346 1524 nomine
365 1492 530 1526 magnam
551 1480 734 1514 tristitiam
762 1480 1025 1526 maximumque
1054 1479 1212 1513 dolorem
1241 1479 1368 1513 horum
1395 1480 1599 1525 principum
1630 1483 1737 1514 corda
1771 1493 1876 1516 occu-

205 1558 319 1593 passe,
346 1556 388 1579 ex
407 1553 480 1589 quo
499 1541 712 1575 audiverant
732 1539 858 1574 foedus
879 1540 1025 1575 inivisse
1046 1540 1279 1575 Izzeddinum
1298 1551 1379 1574 cum
1407 1538 1546 1574 Pascha
1577 1540 1775 1584 Sultanico3
1800 1540 1878 1576 illos

210 1607 440 1641 vehementer
461 1601 606 1639 timere,
630 1612 676 1634 ne
696 1600 790 1634 bello
812 1606 980 1646 cognatos
1010 1612 1091 1636 suos
1111 1605 1234 1645 petere
1259 1600 1297 1633 in
1317 1600 1434 1635 animo
1464 1604 1556 1635 esset
1573 1600 1785 1643 Izzeddin03
1809 1602 1883 1637 nisi

209 1668 305 1703 enim
321 1664 391 1697 hoc
411 1661 599 1698 voluisset,
624 1671 736 1706 quare
755 1659 806 1692 ita
824 1660 1087 1704 properaverit,
1113 1671 1231 1705 neque
1261 1670 1343 1692 cum
1373 1659 1416 1693 iis
1446 1659 1632 1693 consilium
1652 1660 1791 1701 inierit,
1816 1662 1879 1697 sed

209 1736 350 1762 omnem
368 1723 462 1757 hanc
481 1732 557 1755 rem
576 1731 637 1754 eos
667 1720 855 1760 celaverit,
891 1720 1129 1766 interrogans:
1165 1719 1341 1765 denique,
1376 1719 1406 1753 si
1425 1719 1560 1754 insecta
1588 1719 1666 1754 fieri
1685 1726 1804 1767 posset
1824 1733 1879 1757 res

212 1794 249 1823 et
265 1798 337 1834 quo
358 1783 504 1819 tandem
532 1792 675 1827 cunque
704 1779 812 1815 modo
846 1780 1027 1827 antiquari
1055 1779 1182 1814 foedus
1212 1791 1294 1814 cum
1321 1780 1464 1815 IIasano
1492 1781 1639 1819 initum,
1671 1782 1813 1823 orabat,
1838 1789 1882 1818 ut

214 1852 445 1895 cognatorum
465 1842 572 1876 saluti
588 1840 810 1887 prospiceret
828 1847 866 1876 et
885 1853 968 1876 cum
988 1841 1030 1875 iis
1051 1852 1088 1876 se
1110 1840 1354 1887 conjungeret.
1406 1841 1491 1876 Sero
1510 1841 1657 1888 quidem
1677 1842 1707 1875 is
1734 1849 1883 1878 venerat

214 1911 376 1955 legatus,
402 1903 500 1955 quod
526 1903 561 1938 ei
590 1901 749 1937 ostendit
787 1902 1025 1946 Izzeddinus3
1061 1901 1202 1936 addidit
1238 1908 1358 1936 tamen
1385 1902 1431 1936 ad
1460 1902 1602 1937 illorum
1635 1902 1880 1942 securitatem,

217 1967 370 2004 foederis
394 1965 476 2000 initi
504 1962 642 1998 ratione
669 1962 860 2009 explicata,
897 1969 1037 1998 tantum
1065 1963 1208 2003 abesse,
1242 1968 1284 1997 ut
1312 1963 1457 1998 inimica
1485 1963 1623 1998 foveret
1652 1963 1817 2003 consilia,
1842 1970 1883 1998 ut

218 2030 338 2078 potius
357 2027 401 2061 iis
421 2036 524 2060 omne
544 2023 714 2059 auxilium
733 2024 827 2058 ultro
842 2024 1061 2070 promiserit,
1087 2023 1282 2070 si'quidem
1310 2024 1459 2070 imperio
1489 2024 1673 2060 Sultanico
1699 2029 1885 2058 manerent

220 2091 476 2136 obsequentes.;
503 2090 558 2124 et,
584 2084 615 2119 si
633 2089 774 2132 praeter
793 2096 891 2130 spem
911 2084 1073 2125 eveniat,
1099 2090 1287 2131 vestraque
1312 2085 1397 2130 jura
1425 2085 1471 2120 ab
1499 2086 1640 2120 Hasano
1660 2084 1794 2130 absque
1812 2084 1887 2118 cul-

222 2163 268 2197 pa
285 2154 403 2185 vestra
419 2144 626 2186 laedantur,
652 2156 736 2192 eg0,
761 2145 898 2192 inquit,
924 2144 1109 2181 vobiscum
1137 2144 1283 2187 faciam,
1308 2146 1405 2193 quod
1430 2146 1527 2183 salvo
1540 2144 1779 2193 jurejurando
1795 2142 1885 2179 mihi

1833 2209 1893 2239 est

298 2328 312 2347 ι
328 2320 458 2375 &aas
605 2322 622 2347 ι»
638 2307 798 2381 ζςῇ33333.
976 2325 991 2345 c
1007 2307 1120 2370 Ouia.
