<?xml version="1.0" encoding="UTF-8"?>
<!DOCTYPE html PUBLIC "-//W3C//DTD XHTML 1.0 Transitional//EN"
    "http://www.w3.org/TR/xhtml1/DTD/xhtml1-transitional.dtd">
<html xmlns="http://www.w3.org/1999/xhtml" xml:lang="en" lang="en">
 <head>
  <title>
</title>
<meta http-equiv="Content-Type" content="text/html;charset=utf-8" />
  <meta name='ocr-system' content='tesseract 3.04.00' />
  <meta name='ocr-capabilities' content='ocr_page ocr_carea ocr_par ocr_line ocrx_word'/>
</head>
<body>
  <div class='ocr_page' id='page_1' title='image "./historiajemanaes00ruamuoft/historiajemanaes00ruamuoft_0113.png"; bbox 0 0 2055 2865; ppageno 0'>
   <div class='ocr_carea' id='block_1_1' title="bbox 811 180 1094 217">
    <p class='ocr_par' dir='ltr' id='par_1_1' title="bbox 811 180 1094 217">
     <span class='ocr_line' id='line_1_1' title="bbox 811 180 1094 217; baseline -0.004 -9"><span class='ocrx_word' id='word_1_1' title='bbox 811 180 1094 217; x_wconf 69' lang='lat'>...97-</span> 
     </span>
    </p>
   </div>
   <div class='ocr_carea' id='block_1_2' title="bbox 91 275 1807 2168">
    <p class='ocr_par' dir='ltr' id='par_1_2' title="bbox 116 275 1807 448">
     <span class='ocr_line' id='line_1_2' title="bbox 121 275 1807 329; baseline -0.001 -14"><span class='ocrx_word' id='word_1_2' title='bbox 121 283 175 329; x_wconf 81' lang='lat' dir='ltr'>pis</span> <span class='ocrx_word' id='word_1_3' title='bbox 190 277 370 327; x_wconf 71' lang='lat' dir='ltr'>quondam</span> <span class='ocrx_word' id='word_1_4' title='bbox 392 278 444 313; x_wconf 85' lang='lat' dir='ltr'>sui</span> <span class='ocrx_word' id='word_1_5' title='bbox 475 277 641 312; x_wconf 80' lang='lat' dir='ltr'>miserum</span> <span class='ocrx_word' id='word_1_6' title='bbox 662 282 795 310; x_wconf 82' lang='lat' dir='ltr'>statum</span> <span class='ocrx_word' id='word_1_7' title='bbox 823 276 989 313; x_wconf 77' lang='lat' dir='ltr'>incitata,</span> <span class='ocrx_word' id='word_1_8' title='bbox 1016 275 1225 310; x_wconf 82' lang='lat' dir='ltr'>decreverat</span> <span class='ocrx_word' id='word_1_9' title='bbox 1247 289 1321 311; x_wconf 80' lang='lat' dir='ltr'>sese</span> <span class='ocrx_word' id='word_1_10' title='bbox 1344 278 1560 323; x_wconf 64' lang='lat' dir='ltr'>conjungere</span> <span class='ocrx_word' id='word_1_11' title='bbox 1585 278 1664 313; x_wconf 78' lang='lat' dir='ltr'>eum</span> <span class='ocrx_word' id='word_1_12' title='bbox 1685 279 1807 315; x_wconf 76' lang='lat' dir='ltr'>adver-</span> 
     </span>
     <span class='ocr_line' id='line_1_3' title="bbox 118 338 1802 387; baseline 0 -11"><span class='ocrx_word' id='word_1_13' title='bbox 118 343 220 376; x_wconf 77' lang='lat' dir='ltr'>sariis</span> <span class='ocrx_word' id='word_1_14' title='bbox 236 340 377 387; x_wconf 86' lang='lat' dir='ltr'>imperii</span> <span class='ocrx_word' id='word_1_15' title='bbox 399 340 614 379; x_wconf 88' lang='lat' dir='ltr'>Otsmanici,</span> <span class='ocrx_word' id='word_1_16' title='bbox 646 345 684 373; x_wconf 85' lang='lat' dir='ltr'>et</span> <span class='ocrx_word' id='word_1_17' title='bbox 702 350 744 372; x_wconf 88' lang='lat' dir='ltr'>co</span> <span class='ocrx_word' id='word_1_18' title='bbox 761 349 815 371; x_wconf 88' lang='lat' dir='ltr'>res</span> <span class='ocrx_word' id='word_1_19' title='bbox 836 343 1067 381; x_wconf 79' lang='lat' dir='ltr'>pervenerat,</span> <span class='ocrx_word' id='word_1_20' title='bbox 1095 344 1149 376; x_wconf 82' lang='lat' dir='ltr'>ut,</span> <span class='ocrx_word' id='word_1_21' title='bbox 1176 338 1244 371; x_wconf 87' lang='lat' dir='ltr'>nisi</span> <span class='ocrx_word' id='word_1_22' title='bbox 1262 339 1365 373; x_wconf 51' lang='lat' dir='ltr'>brevi¹</span> <span class='ocrx_word' id='word_1_23' title='bbox 1378 341 1659 386; x_wconf 75' lang='lat' dir='ltr'>prospiceretur,</span> <span class='ocrx_word' id='word_1_24' title='bbox 1687 343 1802 387; x_wconf 79' lang='lat' dir='ltr'>palam</span> 
     </span>
     <span class='ocr_line' id='line_1_4' title="bbox 116 397 1266 448; baseline -0.003 -11"><span class='ocrx_word' id='word_1_25' title='bbox 116 404 242 437; x_wconf 83' lang='lat' dir='ltr'>Imami</span> <span class='ocrx_word' id='word_1_26' title='bbox 262 403 394 437; x_wconf 87' lang='lat' dir='ltr'>Hasani</span> <span class='ocrx_word' id='word_1_27' title='bbox 416 403 566 448; x_wconf 84' lang='lat' dir='ltr'>ejusque</span> <span class='ocrx_word' id='word_1_28' title='bbox 586 401 761 435; x_wconf 88' lang='lat' dir='ltr'>sociorum</span> <span class='ocrx_word' id='word_1_29' title='bbox 779 408 922 430; x_wconf 82' lang='lat' dir='ltr'>causam</span> <span class='ocrx_word' id='word_1_30' title='bbox 938 398 1142 442; x_wconf 77' lang='lat' dir='ltr'>amplexura</span> <span class='ocrx_word' id='word_1_31' title='bbox 1164 397 1266 433; x_wconf 69' lang='lat' dir='ltr'>esset.</span> 
     </span>
    </p>

    <p class='ocr_par' dir='ltr' id='par_1_3' title="bbox 91 457 1801 2048">
     <span class='ocr_line' id='line_1_5' title="bbox 161 457 1800 509; baseline 0 -10"><span class='ocrx_word' id='word_1_32' title='bbox 161 465 371 499; x_wconf 84' lang='lat' dir='ltr'>Clanculum</span> <span class='ocrx_word' id='word_1_33' title='bbox 387 475 470 509; x_wconf 86' lang='lat' dir='ltr'>ergo</span> <span class='ocrx_word' id='word_1_34' title='bbox 489 463 657 497; x_wconf 87' lang='lat' dir='ltr'>adversus</span> <span class='ocrx_word' id='word_1_35' title='bbox 685 471 745 494; x_wconf 87' lang='lat' dir='ltr'>eos</span> <span class='ocrx_word' id='word_1_36' title='bbox 773 457 1038 505; x_wconf 82' lang='lat' dir='ltr'><strong>expeditionem</strong></span> <span class='ocrx_word' id='word_1_37' title='bbox 1064 459 1212 504; x_wconf 56' lang='lat' dir='ltr'>paravit⁴</span> <span class='ocrx_word' id='word_1_38' title='bbox 1230 461 1548 503; x_wconf 84' lang='lat' dir='ltr'>Schamseddinus,</span> <span class='ocrx_word' id='word_1_39' title='bbox 1577 465 1743 499; x_wconf 73' lang='lat' dir='ltr'>simulans</span> <span class='ocrx_word' id='word_1_40' title='bbox 1765 479 1800 500; x_wconf 83' lang='lat' dir='ltr'>se</span> 
     </span>
     <span class='ocr_line' id='line_1_6' title="bbox 116 520 1801 572; baseline 0 -11"><span class='ocrx_word' id='word_1_41' title='bbox 116 527 239 561; x_wconf 77' lang='lat' dir='ltr'>venari</span> <span class='ocrx_word' id='word_1_42' title='bbox 269 526 360 560; x_wconf 87' lang='lat' dir='ltr'>velle</span> <span class='ocrx_word' id='word_1_43' title='bbox 387 526 425 558; x_wconf 89' lang='lat' dir='ltr'>in</span> <span class='ocrx_word' id='word_1_44' title='bbox 452 523 596 568; x_wconf 87' lang='lat' dir='ltr'>regione</span> <span class='ocrx_word' id='word_1_45' title='bbox 625 520 806 556; x_wconf 82' lang='lat' dir='ltr'>Thawilae</span> <span class='ocrx_word' id='word_1_46' title='bbox 825 525 857 562; x_wconf 78' lang='lat'>³3</span> <span class='ocrx_word' id='word_1_47' title='bbox 883 525 1101 566; x_wconf 87' lang='lat' dir='ltr'>quapropter</span> <span class='ocrx_word' id='word_1_48' title='bbox 1125 521 1289 555; x_wconf 86' lang='lat' dir='ltr'>omnibus</span> <span class='ocrx_word' id='word_1_49' title='bbox 1306 523 1350 557; x_wconf 86' lang='lat' dir='ltr'>ad</span> <span class='ocrx_word' id='word_1_50' title='bbox 1363 527 1564 560; x_wconf 86' lang='lat' dir='ltr'>venandum</span> <span class='ocrx_word' id='word_1_51' title='bbox 1581 529 1801 572; x_wconf 82' lang='lat' dir='ltr'>praeparatis</span> 
     </span>
     <span class='ocr_line' id='line_1_7' title="bbox 115 581 1798 633; baseline 0.001 -12"><span class='ocrx_word' id='word_1_52' title='bbox 115 588 295 633; x_wconf 82' lang='lat' dir='ltr'>profectus</span> <span class='ocrx_word' id='word_1_53' title='bbox 316 591 370 618; x_wconf 85' lang='lat' dir='ltr'>est</span> <span class='ocrx_word' id='word_1_54' title='bbox 399 586 436 618; x_wconf 90' lang='lat' dir='ltr'>in</span> <span class='ocrx_word' id='word_1_55' title='bbox 465 596 543 618; x_wconf 86' lang='lat' dir='ltr'>eam</span> <span class='ocrx_word' id='word_1_56' title='bbox 564 583 748 629; x_wconf 82' lang='lat' dir='ltr'>regionem</span> <span class='ocrx_word' id='word_1_57' title='bbox 775 593 856 616; x_wconf 89' lang='lat' dir='ltr'>cum</span> <span class='ocrx_word' id='word_1_58' title='bbox 884 581 1040 615; x_wconf 86' lang='lat' dir='ltr'>militum</span> <span class='ocrx_word' id='word_1_59' title='bbox 1069 588 1107 617; x_wconf 87' lang='lat' dir='ltr'>et</span> <span class='ocrx_word' id='word_1_60' title='bbox 1132 584 1309 618; x_wconf 88' lang='lat' dir='ltr'>sociorum</span> <span class='ocrx_word' id='word_1_61' title='bbox 1338 585 1435 619; x_wconf 86' lang='lat' dir='ltr'>haud</span> <span class='ocrx_word' id='word_1_62' title='bbox 1463 587 1589 631; x_wconf 78' lang='lat' dir='ltr'>exigua</span> <span class='ocrx_word' id='word_1_63' title='bbox 1608 600 1734 628; x_wconf 86' lang='lat' dir='ltr'>manu,</span> <span class='ocrx_word' id='word_1_64' title='bbox 1762 590 1798 622; x_wconf 89' lang='lat' dir='ltr'>in</span> 
     </span>
     <span class='ocr_line' id='line_1_8' title="bbox 111 643 1797 694; baseline 0 -11"><span class='ocrx_word' id='word_1_65' title='bbox 111 661 223 694; x_wconf 82' lang='lat' dir='ltr'>eaque</span> <span class='ocrx_word' id='word_1_66' title='bbox 252 646 487 693; x_wconf 87' lang='lat' dir='ltr'>pernoctavit.</span> <span class='ocrx_word' id='word_1_67' title='bbox 546 646 648 680; x_wconf 84' lang='lat' dir='ltr'>Mane</span> <span class='ocrx_word' id='word_1_68' title='bbox 677 656 761 678; x_wconf 90' lang='lat' dir='ltr'>vero</span> <span class='ocrx_word' id='word_1_69' title='bbox 799 644 1021 689; x_wconf 85' lang='lat' dir='ltr'>insequentis</span> <span class='ocrx_word' id='word_1_70' title='bbox 1056 643 1129 679; x_wconf 90' lang='lat' dir='ltr'>diei</span> <span class='ocrx_word' id='word_1_71' title='bbox 1156 648 1312 692; x_wconf 82' lang='lat' dir='ltr'>perrexit</span> <span class='ocrx_word' id='word_1_72' title='bbox 1338 647 1376 680; x_wconf 87' lang='lat' dir='ltr'>in</span> <span class='ocrx_word' id='word_1_73' title='bbox 1404 652 1534 681; x_wconf 86' lang='lat' dir='ltr'>terram</span> <span class='ocrx_word' id='word_1_74' title='bbox 1560 648 1726 683; x_wconf 75' lang='lat' dir='ltr'>hostilem</span> <span class='ocrx_word' id='word_1_75' title='bbox 1756 663 1797 684; x_wconf 81' lang='lat' dir='ltr'>cx</span> 
     </span>
     <span class='ocr_line' id='line_1_9' title="bbox 113 698 1796 754; baseline 0.001 -11"><span class='ocrx_word' id='word_1_76' title='bbox 113 709 292 744; x_wconf 81' lang='lat' dir='ltr'>Thawilae</span> <span class='ocrx_word' id='word_1_77' title='bbox 310 708 454 754; x_wconf 81' lang='lat' dir='ltr'>regione</span> <span class='ocrx_word' id='word_1_78' title='bbox 473 719 551 741; x_wconf 86' lang='lat' dir='ltr'>eam</span> <span class='ocrx_word' id='word_1_79' title='bbox 565 705 753 745; x_wconf 88' lang='lat' dir='ltr'>introiens,</span> <span class='ocrx_word' id='word_1_80' title='bbox 780 705 875 739; x_wconf 85' lang='lat' dir='ltr'>unde</span> <span class='ocrx_word' id='word_1_81' title='bbox 894 717 998 739; x_wconf 87' lang='lat' dir='ltr'>nemo</span> <span class='ocrx_word' id='word_1_82' title='bbox 1027 705 1127 740; x_wconf 89' lang='lat' dir='ltr'>illum</span> <span class='ocrx_word' id='word_1_83' title='bbox 1148 715 1431 754; x_wconf 84' lang='lat' dir='ltr'>exspectaverat,</span> <span class='ocrx_word' id='word_1_84' title='bbox 1461 698 1588 743; x_wconf 47' lang='lat' dir='ltr'>et‘iter</span> <span class='ocrx_word' id='word_1_85' title='bbox 1606 710 1693 744; x_wconf 84' lang='lat' dir='ltr'>fecit</span> <span class='ocrx_word' id='word_1_86' title='bbox 1715 723 1796 745; x_wconf 89' lang='lat' dir='ltr'>cum</span> 
     </span>
     <span class='ocr_line' id='line_1_10' title="bbox 110 768 1795 817; baseline 0.001 -13"><span class='ocrx_word' id='word_1_87' title='bbox 110 782 247 804; x_wconf 81' lang='lat' dir='ltr'>sumina</span> <span class='ocrx_word' id='word_1_88' title='bbox 268 769 453 804; x_wconf 87' lang='lat' dir='ltr'>celeritate</span> <span class='ocrx_word' id='word_1_89' title='bbox 476 775 513 802; x_wconf 87' lang='lat' dir='ltr'>ct</span> <span class='ocrx_word' id='word_1_90' title='bbox 533 769 704 802; x_wconf 83' lang='lat' dir='ltr'>altissimo</span> <span class='ocrx_word' id='word_1_91' title='bbox 725 768 885 806; x_wconf 87' lang='lat' dir='ltr'>silentio,</span> <span class='ocrx_word' id='word_1_92' title='bbox 910 779 1054 813; x_wconf 89' lang='lat' dir='ltr'>prorsus</span> <span class='ocrx_word' id='word_1_93' title='bbox 1072 768 1265 803; x_wconf 87' lang='lat' dir='ltr'>interdicto</span> <span class='ocrx_word' id='word_1_94' title='bbox 1284 771 1483 816; x_wconf 88' lang='lat' dir='ltr'>scloporum</span> <span class='ocrx_word' id='word_1_95' title='bbox 1501 777 1536 804; x_wconf 84' lang='lat' dir='ltr'>et</span> <span class='ocrx_word' id='word_1_96' title='bbox 1557 772 1795 817; x_wconf 87' lang='lat' dir='ltr'>sclopetorum</span> 
     </span>
     <span class='ocr_line' id='line_1_11' title="bbox 107 830 1793 879; baseline 0.001 -13"><span class='ocrx_word' id='word_1_97' title='bbox 107 839 194 875; x_wconf 74' lang='lat' dir='ltr'>usu;</span> <span class='ocrx_word' id='word_1_98' title='bbox 221 838 258 866; x_wconf 89' lang='lat' dir='ltr'>et</span> <span class='ocrx_word' id='word_1_99' title='bbox 274 843 347 865; x_wconf 91' lang='lat' dir='ltr'>non</span> <span class='ocrx_word' id='word_1_100' title='bbox 364 830 559 864; x_wconf 83' lang='lat' dir='ltr'>retardavit</span> <span class='ocrx_word' id='word_1_101' title='bbox 580 830 828 864; x_wconf 81' lang='lat' dir='ltr'>citatissimum</span> <span class='ocrx_word' id='word_1_102' title='bbox 845 841 1005 869; x_wconf 89' lang='lat' dir='ltr'>cursum,</span> <span class='ocrx_word' id='word_1_103' title='bbox 1042 830 1156 865; x_wconf 91' lang='lat' dir='ltr'>donec</span> <span class='ocrx_word' id='word_1_104' title='bbox 1186 832 1333 865; x_wconf 84' lang='lat' dir='ltr'>venerat</span> <span class='ocrx_word' id='word_1_105' title='bbox 1353 833 1492 866; x_wconf 89' lang='lat' dir='ltr'>medius</span> <span class='ocrx_word' id='word_1_106' title='bbox 1511 833 1605 866; x_wconf 84' lang='lat' dir='ltr'>inter</span> <span class='ocrx_word' id='word_1_107' title='bbox 1620 834 1793 879; x_wconf 83' lang='lat' dir='ltr'>reliquam</span> 
     </span>
     <span class='ocr_line' id='line_1_12' title="bbox 109 891 1791 940; baseline 0.001 -13"><span class='ocrx_word' id='word_1_108' title='bbox 109 893 289 938; x_wconf 68' lang='lat' dir='ltr'>legionem</span> <span class='ocrx_word' id='word_1_109' title='bbox 314 898 353 925; x_wconf 85' lang='lat' dir='ltr'>et</span> <span class='ocrx_word' id='word_1_110' title='bbox 382 892 566 925; x_wconf 70' lang='lat' dir='ltr'>Castellum</span> <span class='ocrx_word' id='word_1_111' title='bbox 593 891 815 930; x_wconf 79' lang='lat' dir='ltr'>Koradham,</span> <span class='ocrx_word' id='word_1_112' title='bbox 849 898 1041 938; x_wconf 83' lang='lat' dir='ltr'>antequam</span> <span class='ocrx_word' id='word_1_113' title='bbox 1069 892 1266 927; x_wconf 89' lang='lat' dir='ltr'>incolarum</span> <span class='ocrx_word' id='word_1_114' title='bbox 1295 894 1484 940; x_wconf 84' lang='lat' dir='ltr'>quisquam</span> <span class='ocrx_word' id='word_1_115' title='bbox 1502 895 1579 940; x_wconf 82' lang='lat' dir='ltr'>ejus</span> <span class='ocrx_word' id='word_1_116' title='bbox 1597 894 1791 929; x_wconf 86' lang='lat' dir='ltr'>adventum</span> 
     </span>
     <span class='ocr_line' id='line_1_13' title="bbox 108 948 1790 1000; baseline 0.001 -12"><span class='ocrx_word' id='word_1_117' title='bbox 108 948 328 1000; x_wconf 76' lang='lat' dir='ltr'>perceperat.</span> <span class='ocrx_word' id='word_1_118' title='bbox 386 953 485 986; x_wconf 88' lang='lat' dir='ltr'>Tunc</span> <span class='ocrx_word' id='word_1_119' title='bbox 519 953 629 998; x_wconf 86' lang='lat' dir='ltr'>jussit</span> <span class='ocrx_word' id='word_1_120' title='bbox 664 965 745 986; x_wconf 90' lang='lat' dir='ltr'>suos</span> <span class='ocrx_word' id='word_1_121' title='bbox 783 953 969 987; x_wconf 89' lang='lat' dir='ltr'>incurrere</span> <span class='ocrx_word' id='word_1_122' title='bbox 1003 954 1039 986; x_wconf 91' lang='lat' dir='ltr'>in</span> <span class='ocrx_word' id='word_1_123' title='bbox 1073 954 1195 987; x_wconf 90' lang='lat' dir='ltr'>domos</span> <span class='ocrx_word' id='word_1_124' title='bbox 1230 954 1399 999; x_wconf 86' lang='lat' dir='ltr'>vicosque</span> <span class='ocrx_word' id='word_1_125' title='bbox 1430 956 1724 1000; x_wconf 84' lang='lat' dir='ltr'>circumjacentes</span> <span class='ocrx_word' id='word_1_126' title='bbox 1753 962 1790 990; x_wconf 87' lang='lat' dir='ltr'>et</span> 
     </span>
     <span class='ocr_line' id='line_1_14' title="bbox 108 1014 1790 1061; baseline 0.002 -12"><span class='ocrx_word' id='word_1_127' title='bbox 108 1016 269 1061; x_wconf 74' lang='lat' dir='ltr'>captivos</span> <span class='ocrx_word' id='word_1_128' title='bbox 294 1014 338 1048; x_wconf 86' lang='lat' dir='ltr'>ad</span> <span class='ocrx_word' id='word_1_129' title='bbox 372 1026 407 1048; x_wconf 92' lang='lat' dir='ltr'>se</span> <span class='ocrx_word' id='word_1_130' title='bbox 438 1014 570 1047; x_wconf 85' lang='lat' dir='ltr'>ducere</span> <span class='ocrx_word' id='word_1_131' title='bbox 601 1026 721 1047; x_wconf 88' lang='lat' dir='ltr'>omues</span> <span class='ocrx_word' id='word_1_132' title='bbox 749 1026 839 1059; x_wconf 91' lang='lat' dir='ltr'>quos</span> <span class='ocrx_word' id='word_1_133' title='bbox 869 1014 1074 1047; x_wconf 85' lang='lat' dir='ltr'>invenirent</span> <span class='ocrx_word' id='word_1_134' title='bbox 1104 1015 1255 1058; x_wconf 79' lang='lat' dir='ltr'>majores</span> <span class='ocrx_word' id='word_1_135' title='bbox 1285 1015 1484 1049; x_wconf 77' lang='lat' dir='ltr'>minoresve</span> <span class='ocrx_word' id='word_1_136' title='bbox 1513 1022 1600 1050; x_wconf 87' lang='lat' dir='ltr'>natu</span> <span class='ocrx_word' id='word_1_137' title='bbox 1629 1018 1722 1051; x_wconf 80' lang='lat' dir='ltr'>viros</span> <span class='ocrx_word' id='word_1_138' title='bbox 1748 1030 1790 1052; x_wconf 81' lang='lat' dir='ltr'>ac</span> 
     </span>
     <span class='ocr_line' id='line_1_15' title="bbox 106 1075 1790 1122; baseline -0.001 -9"><span class='ocrx_word' id='word_1_139' title='bbox 106 1079 283 1113; x_wconf 82' lang='lat' dir='ltr'>mulieres.</span> <span class='ocrx_word' id='word_1_140' title='bbox 335 1075 415 1121; x_wconf 85' lang='lat' dir='ltr'>Quo</span> <span class='ocrx_word' id='word_1_141' title='bbox 434 1075 528 1109; x_wconf 81' lang='lat' dir='ltr'>facto</span> <span class='ocrx_word' id='word_1_142' title='bbox 547 1075 584 1108; x_wconf 90' lang='lat' dir='ltr'>in</span> <span class='ocrx_word' id='word_1_143' title='bbox 605 1075 683 1120; x_wconf 88' lang='lat' dir='ltr'>ejus</span> <span class='ocrx_word' id='word_1_144' title='bbox 702 1076 919 1120; x_wconf 82' lang='lat' dir='ltr'>potestatem</span> <span class='ocrx_word' id='word_1_145' title='bbox 939 1081 1116 1108; x_wconf 85' lang='lat' dir='ltr'>venerunt</span> <span class='ocrx_word' id='word_1_146' title='bbox 1134 1076 1172 1109; x_wconf 90' lang='lat' dir='ltr'>id</span> <span class='ocrx_word' id='word_1_147' title='bbox 1188 1076 1375 1120; x_wconf 88' lang='lat' dir='ltr'>temporis,</span> <span class='ocrx_word' id='word_1_148' title='bbox 1402 1082 1544 1121; x_wconf 85' lang='lat' dir='ltr'>praeter</span> <span class='ocrx_word' id='word_1_149' title='bbox 1566 1077 1682 1122; x_wconf 84' lang='lat' dir='ltr'>plebej</span> <span class='ocrx_word' id='word_1_150' title='bbox 1690 1091 1790 1113; x_wconf 88' lang='lat' dir='ltr'>orum</span> 
     </span>
     <span class='ocr_line' id='line_1_16' title="bbox 106 1135 1790 1183; baseline 0 -10"><span class='ocrx_word' id='word_1_151' title='bbox 106 1140 295 1173; x_wconf 79' lang='lat' dir='ltr'>maximum</span> <span class='ocrx_word' id='word_1_152' title='bbox 333 1149 546 1175; x_wconf 84' lang='lat' dir='ltr'>numerum,</span> <span class='ocrx_word' id='word_1_153' title='bbox 582 1142 764 1181; x_wconf 82' lang='lat' dir='ltr'>magnates</span> <span class='ocrx_word' id='word_1_154' title='bbox 801 1135 910 1169; x_wconf 81' lang='lat' dir='ltr'>etiam</span> <span class='ocrx_word' id='word_1_155' title='bbox 940 1137 1138 1183; x_wconf 83' lang='lat' dir='ltr'>complures</span> <span class='ocrx_word' id='word_1_156' title='bbox 1167 1142 1204 1170; x_wconf 90' lang='lat' dir='ltr'>et</span> <span class='ocrx_word' id='word_1_157' title='bbox 1232 1137 1429 1182; x_wconf 82' lang='lat' dir='ltr'>principes,</span> <span class='ocrx_word' id='word_1_158' title='bbox 1466 1138 1529 1183; x_wconf 86' lang='lat' dir='ltr'>qui</span> <span class='ocrx_word' id='word_1_159' title='bbox 1563 1138 1649 1171; x_wconf 89' lang='lat' dir='ltr'>licet</span> <span class='ocrx_word' id='word_1_160' title='bbox 1682 1139 1790 1173; x_wconf 81' lang='lat' dir='ltr'>fidem</span> 
     </span>
     <span class='ocr_line' id='line_1_17' title="bbox 100 1197 1787 1248; baseline 0 -13"><span class='ocrx_word' id='word_1_161' title='bbox 100 1200 280 1248; x_wconf 81' lang='lat' dir='ltr'>quondam</span> <span class='ocrx_word' id='word_1_162' title='bbox 299 1204 336 1232; x_wconf 89' lang='lat' dir='ltr'>et</span> <span class='ocrx_word' id='word_1_163' title='bbox 355 1197 567 1242; x_wconf 80' lang='lat' dir='ltr'>obsequium</span> <span class='ocrx_word' id='word_1_164' title='bbox 581 1198 802 1243; x_wconf 83' lang='lat' dir='ltr'>juravissent</span> <span class='ocrx_word' id='word_1_165' title='bbox 832 1198 997 1237; x_wconf 80' lang='lat' dir='ltr'>Sultano,</span> <span class='ocrx_word' id='word_1_166' title='bbox 1025 1204 1152 1233; x_wconf 26' lang='lat' dir='ltr'>tamen,</span> <span class='ocrx_word' id='word_1_167' title='bbox 1171 1198 1281 1243; x_wconf 89' lang='lat' dir='ltr'>hujus</span> <span class='ocrx_word' id='word_1_168' title='bbox 1311 1198 1514 1232; x_wconf 84' lang='lat' dir='ltr'>rebellionis</span> <span class='ocrx_word' id='word_1_169' title='bbox 1545 1205 1647 1233; x_wconf 87' lang='lat' dir='ltr'>erant</span> <span class='ocrx_word' id='word_1_170' title='bbox 1668 1200 1787 1235; x_wconf 86' lang='lat' dir='ltr'>fauto-</span> 
     </span>
     <span class='ocr_line' id='line_1_18' title="bbox 100 1258 1783 1306; baseline 0.001 -12"><span class='ocrx_word' id='word_1_171' title='bbox 100 1273 156 1295; x_wconf 83' lang='lat' dir='ltr'>res</span> <span class='ocrx_word' id='word_1_172' title='bbox 174 1258 408 1297; x_wconf 84' lang='lat' dir='ltr'>et&#39;auctores‚</span> <span class='ocrx_word' id='word_1_173' title='bbox 435 1271 524 1304; x_wconf 93' lang='lat' dir='ltr'>quos</span> <span class='ocrx_word' id='word_1_174' title='bbox 543 1271 664 1293; x_wconf 80' lang='lat' dir='ltr'>omncs</span> <span class='ocrx_word' id='word_1_175' title='bbox 680 1260 789 1305; x_wconf 88' lang='lat' dir='ltr'>jussit</span> <span class='ocrx_word' id='word_1_176' title='bbox 806 1260 843 1293; x_wconf 89' lang='lat' dir='ltr'>in</span> <span class='ocrx_word' id='word_1_177' title='bbox 874 1259 1018 1293; x_wconf 71' lang='lat' dir='ltr'>vincula</span> <span class='ocrx_word' id='word_1_178' title='bbox 1035 1260 1141 1293; x_wconf 80' lang='lat' dir='ltr'>mitti.</span> <span class='ocrx_word' id='word_1_179' title='bbox 1195 1260 1295 1293; x_wconf 90' lang='lat' dir='ltr'>Tunc</span> <span class='ocrx_word' id='word_1_180' title='bbox 1316 1261 1541 1306; x_wconf 86' lang='lat' dir='ltr'>poenitentia</span> <span class='ocrx_word' id='word_1_181' title='bbox 1560 1260 1662 1294; x_wconf 85' lang='lat' dir='ltr'>ducti</span> <span class='ocrx_word' id='word_1_182' title='bbox 1682 1268 1783 1300; x_wconf 85' lang='lat' dir='ltr'>sunt,</span> 
     </span>
     <span class='ocr_line' id='line_1_19' title="bbox 101 1319 1784 1368; baseline 0 -12"><span class='ocrx_word' id='word_1_183' title='bbox 101 1323 164 1368; x_wconf 84' lang='lat' dir='ltr'>qui</span> <span class='ocrx_word' id='word_1_184' title='bbox 182 1322 220 1355; x_wconf 86' lang='lat' dir='ltr'>in</span> <span class='ocrx_word' id='word_1_185' title='bbox 240 1320 385 1354; x_wconf 83' lang='lat' dir='ltr'>castello</span> <span class='ocrx_word' id='word_1_186' title='bbox 404 1320 593 1355; x_wconf 84' lang='lat' dir='ltr'>Koradhae</span> <span class='ocrx_word' id='word_1_187' title='bbox 614 1328 733 1364; x_wconf 82' lang='lat' dir='ltr'>erant3</span> <span class='ocrx_word' id='word_1_188' title='bbox 761 1328 798 1355; x_wconf 87' lang='lat' dir='ltr'>et</span> <span class='ocrx_word' id='word_1_189' title='bbox 813 1320 906 1366; x_wconf 25' lang='lat' dir='ltr'>quia*</span> <span class='ocrx_word' id='word_1_190' title='bbox 916 1320 1113 1365; x_wconf 71' lang='lat' dir='ltr'>pauciores</span> <span class='ocrx_word' id='word_1_191' title='bbox 1130 1326 1381 1366; x_wconf 23' lang='lat' dir='ltr'>erant‚1quain</span> <span class='ocrx_word' id='word_1_192' title='bbox 1409 1326 1448 1353; x_wconf 83' lang='lat' dir='ltr'>ut</span> <span class='ocrx_word' id='word_1_193' title='bbox 1476 1319 1565 1352; x_wconf 83' lang='lat' dir='ltr'>illud</span> <span class='ocrx_word' id='word_1_194' title='bbox 1591 1320 1784 1356; x_wconf 80' lang='lat' dir='ltr'>defendere</span> 
     </span>
     <span class='ocr_line' id='line_1_20' title="bbox 98 1381 1786 1433; baseline -0.003 -12"><span class='ocrx_word' id='word_1_195' title='bbox 98 1393 264 1433; x_wconf 82' lang='lat' dir='ltr'>possent,</span> <span class='ocrx_word' id='word_1_196' title='bbox 287 1386 451 1420; x_wconf 82' lang='lat' dir='ltr'>exierunt</span> <span class='ocrx_word' id='word_1_197' title='bbox 471 1385 631 1431; x_wconf 86' lang='lat' dir='ltr'>illudque</span> <span class='ocrx_word' id='word_1_198' title='bbox 653 1385 879 1419; x_wconf 88' lang='lat' dir='ltr'>tradiderunt</span> <span class='ocrx_word' id='word_1_199' title='bbox 900 1382 1026 1418; x_wconf 90' lang='lat' dir='ltr'>eodem</span> <span class='ocrx_word' id='word_1_200' title='bbox 1043 1383 1112 1416; x_wconf 88' lang='lat' dir='ltr'>die.</span> <span class='ocrx_word' id='word_1_201' title='bbox 1164 1382 1311 1415; x_wconf 80' lang='lat' dir='ltr'>Introiit</span> <span class='ocrx_word' id='word_1_202' title='bbox 1333 1382 1440 1427; x_wconf 87' lang='lat' dir='ltr'>igitur</span> <span class='ocrx_word' id='word_1_203' title='bbox 1466 1381 1553 1414; x_wconf 82' lang='lat' dir='ltr'>illud</span> <span class='ocrx_word' id='word_1_204' title='bbox 1576 1381 1786 1416; x_wconf 83' lang='lat' dir='ltr'>Schamscd-</span> 
     </span>
     <span class='ocr_line' id='line_1_21' title="bbox 99 1445 1788 1492; baseline 0 -10"><span class='ocrx_word' id='word_1_205' title='bbox 99 1449 206 1482; x_wconf 84' lang='lat' dir='ltr'>dinus</span> <span class='ocrx_word' id='word_1_206' title='bbox 227 1454 264 1481; x_wconf 88' lang='lat' dir='ltr'>et</span> <span class='ocrx_word' id='word_1_207' title='bbox 283 1448 322 1480; x_wconf 90' lang='lat' dir='ltr'>in</span> <span class='ocrx_word' id='word_1_208' title='bbox 339 1459 381 1480; x_wconf 88' lang='lat' dir='ltr'>eo</span> <span class='ocrx_word' id='word_1_209' title='bbox 401 1447 629 1491; x_wconf 84' lang='lat' dir='ltr'>pernoctavit</span> <span class='ocrx_word' id='word_1_210' title='bbox 649 1459 731 1480; x_wconf 87' lang='lat' dir='ltr'>cum</span> <span class='ocrx_word' id='word_1_211' title='bbox 751 1446 873 1479; x_wconf 87' lang='lat' dir='ltr'>amicis</span> <span class='ocrx_word' id='word_1_212' title='bbox 893 1452 931 1480; x_wconf 88' lang='lat' dir='ltr'>et</span> <span class='ocrx_word' id='word_1_213' title='bbox 948 1446 1172 1491; x_wconf 85' lang='lat' dir='ltr'>principibus</span> <span class='ocrx_word' id='word_1_214' title='bbox 1190 1445 1446 1491; x_wconf 26' lang='lat' dir='ltr'>&#39;militibusque</span> <span class='ocrx_word' id='word_1_215' title='bbox 1478 1447 1567 1479; x_wconf 87' lang='lat' dir='ltr'>suis:</span> <span class='ocrx_word' id='word_1_216' title='bbox 1597 1447 1788 1492; x_wconf 81' lang='lat' dir='ltr'>imperavit</span> 
     </span>
     <span class='ocr_line' id='line_1_22' title="bbox 100 1506 1785 1554; baseline 0 -11"><span class='ocrx_word' id='word_1_217' title='bbox 100 1520 185 1543; x_wconf 69' lang='lat' dir='ltr'>vero</span> <span class='ocrx_word' id='word_1_218' title='bbox 212 1508 285 1541; x_wconf 91' lang='lat' dir='ltr'>suis</span> <span class='ocrx_word' id='word_1_219' title='bbox 314 1513 356 1540; x_wconf 86' lang='lat' dir='ltr'>ut</span> <span class='ocrx_word' id='word_1_220' title='bbox 381 1507 548 1541; x_wconf 87' lang='lat' dir='ltr'>mulieres</span> <span class='ocrx_word' id='word_1_221' title='bbox 578 1519 699 1542; x_wconf 89' lang='lat' dir='ltr'>omnes</span> <span class='ocrx_word' id='word_1_222' title='bbox 719 1513 840 1554; x_wconf 83' lang='lat' dir='ltr'>captas</span> <span class='ocrx_word' id='word_1_223' title='bbox 871 1508 908 1541; x_wconf 91' lang='lat' dir='ltr'>in</span> <span class='ocrx_word' id='word_1_224' title='bbox 938 1519 1051 1540; x_wconf 88' lang='lat' dir='ltr'>unum</span> <span class='ocrx_word' id='word_1_225' title='bbox 1079 1507 1253 1542; x_wconf 86' lang='lat' dir='ltr'>ducerent</span> <span class='ocrx_word' id='word_1_226' title='bbox 1284 1508 1402 1540; x_wconf 88' lang='lat' dir='ltr'>locum</span> <span class='ocrx_word' id='word_1_227' title='bbox 1432 1506 1554 1552; x_wconf 84' lang='lat' dir='ltr'>ibique</span> <span class='ocrx_word' id='word_1_228' title='bbox 1583 1520 1641 1541; x_wconf 85' lang='lat' dir='ltr'>eas</span> <span class='ocrx_word' id='word_1_229' title='bbox 1663 1516 1785 1543; x_wconf 84' lang='lat' dir='ltr'>sancte</span> 
     </span>
     <span class='ocr_line' id='line_1_23' title="bbox 99 1565 1785 1614; baseline 0 -11"><span class='ocrx_word' id='word_1_230' title='bbox 99 1565 341 1606; x_wconf 84' lang='lat' dir='ltr'>custodirent,</span> <span class='ocrx_word' id='word_1_231' title='bbox 366 1579 412 1601; x_wconf 89' lang='lat' dir='ltr'>ne</span> <span class='ocrx_word' id='word_1_232' title='bbox 432 1569 568 1601; x_wconf 85' lang='lat' dir='ltr'>maritis</span> <span class='ocrx_word' id='word_1_233' title='bbox 586 1580 707 1601; x_wconf 83' lang='lat' dir='ltr'>earum</span> <span class='ocrx_word' id='word_1_234' title='bbox 724 1575 786 1601; x_wconf 84' lang='lat' dir='ltr'>aut</span> <span class='ocrx_word' id='word_1_235' title='bbox 805 1568 968 1613; x_wconf 84' lang='lat' dir='ltr'>patribus</span> <span class='ocrx_word' id='word_1_236' title='bbox 989 1569 1185 1614; x_wconf 74' lang='lat' dir='ltr'>zelotypiae</span> <span class='ocrx_word' id='word_1_237' title='bbox 1206 1569 1351 1613; x_wconf 84' lang='lat' dir='ltr'>iraeque</span> <span class='ocrx_word' id='word_1_238' title='bbox 1372 1579 1479 1601; x_wconf 83' lang='lat' dir='ltr'>causa</span> <span class='ocrx_word' id='word_1_239' title='bbox 1498 1568 1661 1611; x_wconf 82' lang='lat' dir='ltr'>‹laretur3</span> <span class='ocrx_word' id='word_1_240' title='bbox 1688 1570 1785 1614; x_wconf 87' lang='lat' dir='ltr'>quod</span> 
     </span>
     <span class='ocr_line' id='line_1_24' title="bbox 94 1628 1782 1676; baseline -0.001 -11"><span class='ocrx_word' id='word_1_241' title='bbox 94 1630 259 1676; x_wconf 87' lang='lat' dir='ltr'>religiose</span> <span class='ocrx_word' id='word_1_242' title='bbox 288 1634 343 1662; x_wconf 84' lang='lat' dir='ltr'>est</span> <span class='ocrx_word' id='word_1_243' title='bbox 368 1629 605 1664; x_wconf 73' lang='lat' dir='ltr'>observatum·</span> <span class='ocrx_word' id='word_1_244' title='bbox 666 1631 814 1664; x_wconf 84' lang='lat' dir='ltr'>Postero</span> <span class='ocrx_word' id='word_1_245' title='bbox 841 1630 900 1663; x_wconf 93' lang='lat' dir='ltr'>die</span> <span class='ocrx_word' id='word_1_246' title='bbox 927 1641 1047 1663; x_wconf 89' lang='lat' dir='ltr'>omnes</span> <span class='ocrx_word' id='word_1_247' title='bbox 1076 1629 1158 1662; x_wconf 86' lang='lat' dir='ltr'>illae</span> <span class='ocrx_word' id='word_1_248' title='bbox 1181 1628 1294 1662; x_wconf 87' lang='lat' dir='ltr'>tribus</span> <span class='ocrx_word' id='word_1_249' title='bbox 1323 1629 1454 1661; x_wconf 86' lang='lat' dir='ltr'>iterum</span> <span class='ocrx_word' id='word_1_250' title='bbox 1481 1641 1516 1661; x_wconf 88' lang='lat' dir='ltr'>sc</span> <span class='ocrx_word' id='word_1_251' title='bbox 1537 1629 1715 1663; x_wconf 85' lang='lat' dir='ltr'>dederunt</span> <span class='ocrx_word' id='word_1_252' title='bbox 1746 1631 1782 1663; x_wconf 90' lang='lat' dir='ltr'>iu</span> 
     </span>
     <span class='ocr_line' id='line_1_25' title="bbox 97 1690 1780 1737; baseline 0.001 -11"><span class='ocrx_word' id='word_1_253' title='bbox 97 1691 237 1726; x_wconf 86' lang='lat' dir='ltr'>Sultani</span> <span class='ocrx_word' id='word_1_254' title='bbox 255 1690 456 1724; x_wconf 87' lang='lat' dir='ltr'>clientelam</span> <span class='ocrx_word' id='word_1_255' title='bbox 476 1696 513 1724; x_wconf 89' lang='lat' dir='ltr'>et</span> <span class='ocrx_word' id='word_1_256' title='bbox 534 1690 764 1736; x_wconf 86' lang='lat' dir='ltr'>obsequium,</span> <span class='ocrx_word' id='word_1_257' title='bbox 786 1697 823 1725; x_wconf 88' lang='lat' dir='ltr'>et</span> <span class='ocrx_word' id='word_1_258' title='bbox 852 1692 946 1726; x_wconf 86' lang='lat' dir='ltr'>idem</span> <span class='ocrx_word' id='word_1_259' title='bbox 966 1692 1081 1726; x_wconf 83' lang='lat' dir='ltr'>sactus</span> <span class='ocrx_word' id='word_1_260' title='bbox 1111 1697 1163 1725; x_wconf 87' lang='lat' dir='ltr'>est</span> <span class='ocrx_word' id='word_1_261' title='bbox 1182 1703 1304 1725; x_wconf 84' lang='lat' dir='ltr'>carum</span> <span class='ocrx_word' id='word_1_262' title='bbox 1324 1697 1456 1730; x_wconf 78' lang='lat' dir='ltr'>status,</span> <span class='ocrx_word' id='word_1_263' title='bbox 1483 1693 1545 1737; x_wconf 89' lang='lat' dir='ltr'>qui</span> <span class='ocrx_word' id='word_1_264' title='bbox 1565 1693 1681 1727; x_wconf 82' lang='lat' dir='ltr'>fuerat</span> <span class='ocrx_word' id='word_1_265' title='bbox 1698 1701 1780 1728; x_wconf 81' lang='lat' dir='ltr'>ante</span> 
     </span>
     <span class='ocr_line' id='line_1_26' title="bbox 96 1753 1778 1801; baseline 0 -12"><span class='ocrx_word' id='word_1_266' title='bbox 96 1756 186 1789; x_wconf 61' lang='lat' dir='ltr'>lraec</span> <span class='ocrx_word' id='word_1_267' title='bbox 207 1754 408 1789; x_wconf 88' lang='lat' dir='ltr'>rebellionis</span> <span class='ocrx_word' id='word_1_268' title='bbox 438 1754 594 1788; x_wconf 84' lang='lat' dir='ltr'>consilia.</span> <span class='ocrx_word' id='word_1_269' title='bbox 646 1755 739 1788; x_wconf 88' lang='lat' dir='ltr'>Dein</span> <span class='ocrx_word' id='word_1_270' title='bbox 765 1755 945 1801; x_wconf 86' lang='lat' dir='ltr'>praesidio</span> <span class='ocrx_word' id='word_1_271' title='bbox 972 1753 1091 1789; x_wconf 64' lang='lat' dir='ltr'>valido</span> <span class='ocrx_word' id='word_1_272' title='bbox 1121 1753 1310 1786; x_wconf 81' lang='lat' dir='ltr'>Koradhae</span> <span class='ocrx_word' id='word_1_273' title='bbox 1339 1753 1504 1798; x_wconf 81' lang='lat' dir='ltr'>imposito</span> <span class='ocrx_word' id='word_1_274' title='bbox 1533 1754 1778 1789; x_wconf 68' lang='lat' dir='ltr'>Schanisedtli-</span> 
     </span>
     <span class='ocr_line' id='line_1_27' title="bbox 93 1816 1776 1860; baseline 0.001 -10"><span class='ocrx_word' id='word_1_275' title='bbox 93 1827 159 1850; x_wconf 86' lang='lat' dir='ltr'>nus</span> <span class='ocrx_word' id='word_1_276' title='bbox 179 1816 286 1850; x_wconf 83' lang='lat' dir='ltr'>rediit</span> <span class='ocrx_word' id='word_1_277' title='bbox 303 1816 552 1850; x_wconf 86' lang='lat' dir='ltr'>Caucabanum</span> <span class='ocrx_word' id='word_1_278' title='bbox 573 1822 610 1849; x_wconf 89' lang='lat' dir='ltr'>et</span> <span class='ocrx_word' id='word_1_279' title='bbox 630 1816 771 1850; x_wconf 80' lang='lat' dir='ltr'>Ilasano</span> <span class='ocrx_word' id='word_1_280' title='bbox 791 1816 959 1851; x_wconf 82' lang='lat' dir='ltr'>Paschae</span> <span class='ocrx_word' id='word_1_281' title='bbox 989 1817 1040 1850; x_wconf 90' lang='lat' dir='ltr'>rei</span> <span class='ocrx_word' id='word_1_282' title='bbox 1070 1821 1189 1860; x_wconf 85' lang='lat' dir='ltr'>gestae</span> <span class='ocrx_word' id='word_1_283' title='bbox 1221 1826 1381 1853; x_wconf 77' lang='lat' dir='ltr'>causam,</span> <span class='ocrx_word' id='word_1_284' title='bbox 1407 1816 1552 1849; x_wconf 83' lang='lat' dir='ltr'>modum</span> <span class='ocrx_word' id='word_1_285' title='bbox 1582 1823 1618 1850; x_wconf 86' lang='lat' dir='ltr'>et</span> <span class='ocrx_word' id='word_1_286' title='bbox 1637 1829 1776 1851; x_wconf 87' lang='lat' dir='ltr'>succes-</span> 
     </span>
     <span class='ocr_line' id='line_1_28' title="bbox 93 1876 1775 1924; baseline 0.001 -12"><span class='ocrx_word' id='word_1_287' title='bbox 93 1891 169 1912; x_wconf 83' lang='lat' dir='ltr'>sum</span> <span class='ocrx_word' id='word_1_288' title='bbox 189 1891 252 1924; x_wconf 86' lang='lat' dir='ltr'>per</span> <span class='ocrx_word' id='word_1_289' title='bbox 270 1879 409 1912; x_wconf 81' lang='lat' dir='ltr'>litteras</span> <span class='ocrx_word' id='word_1_290' title='bbox 428 1879 600 1924; x_wconf 77' lang='lat' dir='ltr'>exposuit.</span> <span class='ocrx_word' id='word_1_291' title='bbox 651 1879 723 1912; x_wconf 80' lang='lat' dir='ltr'>Nec</span> <span class='ocrx_word' id='word_1_292' title='bbox 742 1879 857 1912; x_wconf 87' lang='lat' dir='ltr'>multo</span> <span class='ocrx_word' id='word_1_293' title='bbox 886 1885 966 1924; x_wconf 84' lang='lat' dir='ltr'>post</span> <span class='ocrx_word' id='word_1_294' title='bbox 996 1887 1203 1922; x_wconf 86' lang='lat' dir='ltr'>responsum</span> <span class='ocrx_word' id='word_1_295' title='bbox 1230 1876 1369 1921; x_wconf 79' lang='lat' dir='ltr'>accepit</span> <span class='ocrx_word' id='word_1_296' title='bbox 1397 1876 1502 1910; x_wconf 86' lang='lat' dir='ltr'>laude</span> <span class='ocrx_word' id='word_1_297' title='bbox 1523 1884 1559 1911; x_wconf 86' lang='lat' dir='ltr'>et</span> <span class='ocrx_word' id='word_1_298' title='bbox 1584 1880 1775 1923; x_wconf 82' lang='lat' dir='ltr'>gratiarum</span> 
     </span>
     <span class='ocr_line' id='line_1_29' title="bbox 91 1937 1773 1984; baseline 0.001 -12"><span class='ocrx_word' id='word_1_299' title='bbox 91 1940 291 1973; x_wconf 85' lang='lat' dir='ltr'>actionibus</span> <span class='ocrx_word' id='word_1_300' title='bbox 321 1941 484 1984; x_wconf 86' lang='lat' dir='ltr'>plenum,</span> <span class='ocrx_word' id='word_1_301' title='bbox 518 1941 603 1984; x_wconf 86' lang='lat' dir='ltr'>quia</span> <span class='ocrx_word' id='word_1_302' title='bbox 628 1940 702 1972; x_wconf 84' lang='lat' dir='ltr'>sine</span> <span class='ocrx_word' id='word_1_303' title='bbox 732 1940 912 1984; x_wconf 85' lang='lat' dir='ltr'>sanguinis</span> <span class='ocrx_word' id='word_1_304' title='bbox 940 1939 1116 1973; x_wconf 80' lang='lat' dir='ltr'>effusione</span> <span class='ocrx_word' id='word_1_305' title='bbox 1143 1949 1207 1982; x_wconf 86' lang='lat' dir='ltr'>per</span> <span class='ocrx_word' id='word_1_306' title='bbox 1235 1937 1455 1982; x_wconf 80' lang='lat' dir='ltr'>vigilantiam</span> <span class='ocrx_word' id='word_1_307' title='bbox 1486 1944 1522 1972; x_wconf 84' lang='lat' dir='ltr'>et</span> <span class='ocrx_word' id='word_1_308' title='bbox 1554 1940 1773 1974; x_wconf 79' lang='lat' dir='ltr'>celeritatem</span> 
     </span>
     <span class='ocr_line' id='line_1_30' title="bbox 91 1996 1365 2048; baseline 0.002 -16"><span class='ocrx_word' id='word_1_309' title='bbox 91 2000 358 2034; x_wconf 78' lang='lat' dir='ltr'>insurrectionis</span> <span class='ocrx_word' id='word_1_310' title='bbox 380 2000 526 2033; x_wconf 85' lang='lat' dir='ltr'>consilia</span> <span class='ocrx_word' id='word_1_311' title='bbox 543 2004 758 2043; x_wconf 79' lang='lat' dir='ltr'>represserat</span> <span class='ocrx_word' id='word_1_312' title='bbox 779 2000 941 2048; x_wconf 75' lang='lat' dir='ltr'>feliciter.</span> <span class='ocrx_word' id='word_1_313' title='bbox 1192 2041 1203 2048; x_wconf 25' lang='grc' dir='ltr'>ὸ</span> <span class='ocrx_word' id='word_1_314' title='bbox 1360 1996 1365 1998; x_wconf 13' lang='lat' dir='ltr'>i</span> 
     </span>
    </p>

    <p class='ocr_par' dir='ltr' id='par_1_4' title="bbox 93 2060 1769 2168">
     <span class='ocr_line' id='line_1_31' title="bbox 120 2060 1768 2107; baseline 0.002 -16"><span class='ocrx_word' id='word_1_315' title='bbox 120 2060 214 2092; x_wconf 77' lang='lat' dir='ltr'>·Non</span> <span class='ocrx_word' id='word_1_316' title='bbox 249 2071 372 2103; x_wconf 83' lang='lat' dir='ltr'>parum</span> <span class='ocrx_word' id='word_1_317' title='bbox 402 2060 500 2093; x_wconf 82' lang='lat' dir='ltr'>auxit</span> <span class='ocrx_word' id='word_1_318' title='bbox 536 2060 672 2092; x_wconf 73' lang='lat' dir='ltr'>Pascha</span> <span class='ocrx_word' id='word_1_319' title='bbox 708 2061 776 2094; x_wconf 87' lang='lat' dir='ltr'>hoc</span> <span class='ocrx_word' id='word_1_320' title='bbox 812 2073 931 2095; x_wconf 80' lang='lat' dir='ltr'>mense</span> <span class='ocrx_word' id='word_1_321' title='bbox 971 2062 1165 2095; x_wconf 85' lang='lat' dir='ltr'>exercitum</span> <span class='ocrx_word' id='word_1_322' title='bbox 1201 2061 1355 2095; x_wconf 78' lang='lat' dir='ltr'>Khidhri</span> <span class='ocrx_word' id='word_1_323' title='bbox 1394 2062 1496 2095; x_wconf 85' lang='lat' dir='ltr'>ducis</span> <span class='ocrx_word' id='word_1_324' title='bbox 1536 2063 1617 2097; x_wconf 80' lang='lat' dir='ltr'>sui,</span> <span class='ocrx_word' id='word_1_325' title='bbox 1662 2074 1768 2107; x_wconf 81' lang='lat' dir='ltr'>quem</span> 
     </span>
     <span class='ocr_line' id='line_1_32' title="bbox 93 2118 1769 2168; baseline 0.001 -14"><span class='ocrx_word' id='word_1_326' title='bbox 93 2120 340 2155; x_wconf 69' lang='lat' dir='ltr'>Gautseddino</span> <span class='ocrx_word' id='word_1_327' title='bbox 372 2133 485 2166; x_wconf 83' lang='lat' dir='ltr'>nuper</span> <span class='ocrx_word' id='word_1_328' title='bbox 510 2127 748 2166; x_wconf 79' lang='lat' dir='ltr'>opposuerat:</span> <span class='ocrx_word' id='word_1_329' title='bbox 786 2123 934 2156; x_wconf 63' lang='lat' dir='ltr'>sannam</span> <span class='ocrx_word' id='word_1_330' title='bbox 965 2123 1059 2156; x_wconf 86' lang='lat' dir='ltr'>enim</span> <span class='ocrx_word' id='word_1_331' title='bbox 1098 2123 1280 2157; x_wconf 72' lang='lat' dir='ltr'>arcessivit</span> <span class='ocrx_word' id='word_1_332' title='bbox 1307 2123 1513 2168; x_wconf 78' lang='lat' dir='ltr'>¹piincipcm</span> <span class='ocrx_word' id='word_1_333' title='bbox 1535 2118 1726 2156; x_wconf 53' lang='lat' dir='ltr'>*Abdallam</span> <span class='ocrx_word' id='word_1_334' title='bbox 1748 2124 1769 2156; x_wconf 88' lang='lat' dir='ltr'>s.</span> 
     </span>
    </p>
   </div>
   <div class='ocr_carea' id='block_1_3' title="bbox 1711 2184 1770 2218">
    <p class='ocr_par' dir='ltr' id='par_1_5' title="bbox 1711 2184 1770 2218">
     <span class='ocr_line' id='line_1_33' title="bbox 1711 2184 1770 2218; baseline 0.017 -1"><span class='ocrx_word' id='word_1_335' title='bbox 1711 2184 1770 2218; x_wconf 83' lang='lat' dir='ltr'>Id-</span> 
     </span>
    </p>
   </div>
   <div class='ocr_carea' id='block_1_4' title="bbox 155 2231 350 2238">
    <p class='ocr_par' dir='ltr' id='par_1_6' title="bbox 155 2231 350 2238">
     <span class='ocr_line' id='line_1_34' title="bbox 155 2231 350 2238; baseline 0 627"><span class='ocrx_word' id='word_1_336' title='bbox 155 2231 350 2238; x_wconf 95' lang='lat' dir='ltr'> </span> 
     </span>
    </p>
   </div>
   <div class='ocr_carea' id='block_1_5' title="bbox 134 2292 286 2335">
    <p class='ocr_par' dir='ltr' id='par_1_7' title="bbox 134 2292 286 2335">
     <span class='ocr_line' id='line_1_35' title="bbox 134 2292 286 2335; baseline 0.013 -4"><span class='ocrx_word' id='word_1_337' title='bbox 134 2292 286 2335; x_wconf 41' lang='lat' dir='ltr'>asic-*22³5</span> 
     </span>
    </p>
   </div>
   <div class='ocr_carea' id='block_1_6' title="bbox 199 2333 229 2343">
    <p class='ocr_par' dir='ltr' id='par_1_8' title="bbox 199 2333 229 2343">
     <span class='ocr_line' id='line_1_36' title="bbox 199 2333 229 2343; baseline 0 0"><span class='ocrx_word' id='word_1_338' title='bbox 199 2333 229 2343; x_wconf 53' lang='lat' dir='ltr'>“a</span> 
     </span>
    </p>
   </div>
  </div>
 </body>
</html>
