2055 2865
873 175 1132 211 —5—

164 272 232 306 sibi
258 275 295 307 et
317 271 460 305 Hasano
487 274 609 304 eontra
638 269 828 316 imperium
857 270 1081 305 Sultanicum
1105 269 1219 305 socios
1248 267 1419 313 adscivit3
1446 268 1544 316 quod
1572 274 1691 304 tamen
1711 267 1841 304 frustra

163 328 250 368 fecit
268 331 477 378 profligatus
507 331 552 365 ab
572 332 765 366 Izzeddino
795 342 887 364 anno
913 329 983 366 987
1006 330 1143 375 (1579)
1172 343 1254 365 eum
1279 343 1407 377 magno
1438 331 1726 365 Dhahiranorum
1745 331 1841 366 dam-

162 405 208 428 no
227 419 235 433 ‚
267 405 419 440 quorum
443 393 541 438 regio
570 398 625 427 est
652 391 868 437 depopulata
892 396 929 424 et
955 390 1125 424 Khamira
1143 397 1156 414 ³
1181 393 1266 426 urbs
1282 419 1290 432 ,
1325 393 1468 439 vicique
1499 393 1636 440 aliquot
1661 393 1735 438 igni
1762 397 1846 426 sunt

163 454 349 489 combusti.
399 454 494 488 Loco
524 460 643 503 tamen
671 452 769 486 urbis
799 451 934 486 Saadae
960 452 1123 486 Ilasanus
1143 452 1177 486 ei
1197 452 1300 486 dedit
1316 452 1512 487 Dhasarum
1532 453 1548 476 ¹³
1565 480 1573 493 ,
1601 454 1786 487 castellum
1806 453 1843 487 in

165 516 299 551 finibus
319 515 624 553 Dlmhiranorum,
646 519 683 549 ct
698 512 833 548 Moradi
850 513 1009 548 Paschae
1029 513 1192 548 socordia
1212 513 1423 548 continuum
1441 514 1562 549 Rodae
1578 521 1792 561 proventum
1812 516 1846 549 ei

158 577 341 612 concessit.

206 636 358 671 Interim
397 637 597 683 complures
633 635 800 684 epistolas
837 636 1046 684 legatosque
1081 637 1227 671 miserat
1267 636 1483 671 Izzeddinus
1522 635 1786 671 Mohammcdes
1817 638 1840 673 f.

162 697 434 734 Schamseddini
462 699 507 733 ad
536 698 629 733 filios
654 700 898 739 Mothahheri,
924 699 1049 734 Alium
1076 699 1237 745 Jahjam,
1272 698 1608 733 Abdarrahmanum
1628 703 1665 732 et
1685 698 1842 744 reliquos

158 759 340 806 patrueles
361 772 459 800 suos,
480 773 570 807 quos
590 761 687 795 omni
707 774 774 808 ope
793 761 977 796 nitebatur
993 761 1146 796 avellere
1167 760 1212 794 ab
1232 760 1359 793 Imami
1378 760 1512 794 Hasani
1533 760 1704 794 societate
1727 765 1764 793 ct
1789 771 1842 792 re-

159 821 291 856 ducere
312 821 357 855 ad
378 822 517 856 Sultani
536 822 757 869 obsequium.
808 824 914 870 Quod
932 823 1154 869 propositum
1173 827 1322 855 eatenus
1339 821 1373 854 ei
1391 821 1562 854 suecessit
1582 827 1624 855 ut
1643 821 1688 855 ab
1703 821 1836 854 Hasani

160 883 339 917 consortio
365 894 424 916 eos
449 883 690 923 revocaverit,
717 884 820 930 cujus
850 885 1051 930 arrogantia
1080 883 1122 917 iis
1151 893 1366 927 magnopere
1400 881 1631 927 displicebat3
1659 881 1722 915 sed
1752 882 1840 915 Tur-

160 954 282 978 carum
315 942 525 989 societatem
560 944 666 978 nimis
704 945 968 985 abhorrebant,
1003 956 1112 991 quam
1136 949 1177 978 ut
1196 941 1307 983 ,'nisi
1337 942 1373 976 vi
1405 943 1521 977 coacti
1540 968 1549 982 ,
1583 943 1704 978 denuo
1743 942 1839 975 illam

155 1005 298 1039 inirent.

208 1066 293 1102 Tres
321 1065 430 1111 igitur
456 1065 542 1099 tune·
562 1071 664 1100 erant
693 1066 731 1101 in
751 1067 899 1102 Jemana
918 1066 1132 1114 praecipuae
1156 1069 1294 1111 partes;
1321 1063 1550 1099 Mothahheri
1579 1064 1660 1102 filii,
1685 1076 1840 1110 quorum

156 1128 319 1174 princeps
336 1131 412 1159 erat
432 1125 535 1160 Alius
564 1127 685 1173 Jahja,
714 1129 868 1164 Imamus
898 1131 1078 1168 Hasanus,
1113 1139 1271 1174 quocum
1300 1126 1482 1161 faciebant
1511 1125 1694 1161 Ahmedcs
1720 1125 1742 1159 f.
1772 1126 1844 1159 Ho-

151 1187 242 1222 seini
261 1193 297 1222 ct
316 1186 578 1223 Mohammedes
596 1188 618 1223 f.
632 1190 766 1235 Nasiri3
794 1191 952 1238 denique
978 1189 1115 1225 Pascha
1143 1188 1367 1228 Suhnnicus,
1394 1199 1502 1235 quem
1531 1199 1652 1222 omnes
1673 1187 1760 1221 socii
1781 1186 1843 1220 de-

154 1254 338 1302 seruerant
355 1256 502 1295 excepto
525 1250 719 1287 Izzcddino
740 1252 986 1287 Mohammede
1011 1251 1034 1286 f.
1064 1249 1356 1293 Schamseddini3
1383 1261 1534 1296 quarum
1553 1249 1709 1295 partium
1742 1248 1842 1282 nulla

153 1311 291 1347 Moradi
320 1316 478 1357 tempore
512 1313 659 1360 reliquis
697 1326 911 1361 magnopere
945 1313 1162 1361 praecellere
1198 1311 1399 1346 videbatur.
1457 1311 1656 1346 Plurimum
1692 1310 1842 1356 quidem

155 1372 297 1408 valebat
316 1373 501 1419 provincia
521 1374 726 1410 Otsmanica
743 1377 968 1410 castellorum
988 1381 1025 1409 et
1042 1374 1185 1408 urbium
1200 1385 1349 1407 numero
1375 1373 1430 1406 uti
1450 1378 1486 1406 et
1504 1373 1658 1405 militum
1677 1376 1714 1403 et
1732 1382 1841 1415 opum

155 1434 276 1478 copia,
297 1434 360 1468 sed
381 1434 525 1469 carebat
547 1435 639 1470 duce
661 1443 805 1471 strenuo
827 1444 864 1471 et
883 1437 935 1471 rei
955 1436 1104 1469 bellicae
1124 1435 1260 1480 perito:
1287 1425 1504 1480 quapropter
1524 1433 1558 1466 ei
1582 1432 1620 1465 in
1640 1430 1733 1464 bello
1754 1430 1839 1465 faci-

153 1493 186 1526 le
206 1494 453 1537 pardieendus
473 1500 549 1528 erat
570 1496 672 1530 Alius
693 1497 800 1542 Jahja
820 1509 902 1531 cum
922 1496 1091 1530 fratribus
1113 1495 1284 1528 societate
1303 1495 1472 1540 junctus,
1501 1493 1603 1538 cujus
1624 1492 1707 1526 belli
1729 1503 1834 1536 appa-

152 1554 249 1583 ratus
279 1557 320 1585 ut
348 1560 424 1588 erat
459 1555 759 1599 locupletissimus
788 1559 840 1591 ita
872 1558 1004 1591 milites
1034 1555 1160 1589 robore
1196 1560 1233 1588 et
1258 1555 1408 1588 audacia
1437 1554 1621 1599 conspicui
1651 1559 1689 1586 ct
1723 1553 1834 1585 duces

156 1610 290 1644 virtute
311 1611 485 1658 insignes:
513 1615 639 1649 Imami
667 1617 800 1651 llasani
830 1617 987 1662 denique
1017 1615 1193 1649 exercitus
1217 1625 1281 1660 per
1308 1614 1489 1659 religionis
1513 1614 1674 1647 ardorem
1701 1619 1737 1645 et
1763 1614 1836 1645 aui-

151 1681 224 1704 mos
253 1672 405 1707 invictos
423 1675 544 1709 neutri
564 1676 657 1722 parti
681 1679 836 1712 multum
860 1677 1046 1713 cedebant.

199 1732 302 1767 Istud
331 1747 416 1770 vero
446 1742 523 1771 erat
549 1738 803 1779 certissimum,
830 1740 932 1774 brevi
962 1744 1082 1772 actum
1112 1737 1187 1772 fore
1212 1736 1257 1771 de
1285 1737 1425 1771 Sultani
1454 1737 1492 1770 in
1504 1735 1652 1771 Jemana
1669 1736 1833 1782 potentia

150 1793 218 1828 nisi
239 1794 275 1828 in
295 1797 392 1842 gravi
413 1798 699 1848 increscentique
719 1801 842 1837 morbo
864 1813 944 1837 aere
962 1800 1160 1835 remedium
1186 1799 1257 1833 cito
1279 1798 1520 1833 adhiberetur.

1680 2377 1832 2412 (jss‘t'r
