2055 2865
880 152 1160 187 -——7ss—-

199 261 234 288 εὶ
264 252 359 299 pacti
388 246 709 293 comprobationem
738 244 781 277 ab
802 243 861 277 illo
887 249 1070 289 rogarent3
1097 256 1248 289 quornm
1277 245 1454 281 desiderio
1483 249 1644 283 Hasanus
1674 248 1865 287 satisfecit,

198 315 295 360 pacis
324 309 545 344 conditiones
575 319 594 339 a
625 305 851 339 Defterdario
883 304 1093 337 constitutas
1122 312 1213 338 ratas
1243 306 1407 339 habendo
1437 314 1472 340 et
1493 310 1729 354 adprobando.
1780 310 1864 343 Pro-

201 374 305 408 cessit
334 370 418 404 dein
446 367 634 412 Mustapha
663 378 744 399 cum
774 366 932 399 exercitu
961 365 1143 398 Sultanico
1173 367 1218 399 ad
1247 367 1365 400 locum
1390 369 1589 412 proximum
1616 371 1695 403 urbi
1721 371 1865 412 Tsolae;

202 434 315 471 unde,
343 431 465 464 castris
486 429 630 474 positis,
656 427 801 460 nuntios
819 426 915 459 misit
943 426 987 459 ad
1007 426 1129 459 Tsolae
1162 427 1274 466 cives,
1301 441 1363 473 per
1384 441 1473 474 quos
1496 429 1537 461 iis
1558 431 1717 474 promisit
1733 431 1867 475 optima

202 505 385 542 quaeque,
412 492 441 524 si
458 503 533 524 sese
553 490 789 535 obsequentes
809 488 1068 533 praestitissent
1098 487 1245 532 imperio
1271 489 1472 532 Sultanieo3
1500 501 1540 522 ac
1570 490 1722 523 multum
1740 502 1799 522 eos
1816 494 1870 524 est

205 555 460 591 comminatus,
489 552 517 584 si
538 551 733 584 exercitum
753 549 911 582 Paschae
933 550 1027 582 intra
1046 549 1143 582 urbis
1162 549 1382 583 munimenta
1411 550 1569 594 recipere
1596 551 1868 584 recusavissent.

202 619 275 652 Nec
293 617 356 649 diu
375 613 475 648 dubii
495 610 687 645 haeserunt
707 611 847 644 Tsolani
868 611 912 643 ad
931 611 1064 643 bellum
1094 610 1256 655 imparati
1286 616 1321 644 et
1342 623 1383 644 ex
1408 611 1591 655 inopinato
1612 623 1632 644 a
1653 611 1868 645 validissimo

207 677 317 712 cincti
346 674 521 709 exercitu:
551 673 712 705 exierunt
740 672 859 704 statim
896 682 1018 703 eorum
1043 682 1205 714 proceres
1233 671 1277 704 ad
1315 671 1533 704 Defterdarii
1562 677 1677 705 castra
1704 678 1740 705 et
1769 671 1872 705 obse-

209 739 334 786 quium
351 735 501 782 polliciti
523 733 675 776 benigne
693 732 737 764 ab
758 732 817 763 illo
838 736 920 763 sunt
941 731 1091 775 accepti.
1143 731 1297 764 Intravit
1316 737 1392 764 tum
1412 744 1453 764 eo
1474 732 1531 765 die
1544 759 1551 771 ‚
1577 733 1640 778 qui
1670 739 1744 766 erat
1764 733 1873 778 septi-

209 814 286 835 mus
305 797 434 832 mensis
456 792 665 828 Schawwali
685 791 731 832 (a.
753 791 785 823 d.
809 789 854 823 24
875 791 1091 835 Septembris
1115 790 1243 834 1584),
1269 792 1458 835 Mustapha
1479 804 1559 825 eum
1584 795 1741 827 exercitu
1760 794 1873 828 Sulta-

210 864 292 896 nico
313 859 450 892 Tsolam
469 866 617 898 eamque
648 852 721 885 Alii
749 851 875 895 Jahjae
898 852 1017 885 sedem
1038 852 1074 884 in
1102 857 1318 897 potestatem
1347 852 1485 896 redegit
1505 864 1621 889 suam,
1649 853 1794 886 absente
1816 855 1875 887 illo

208 922 382 969 principe.
432 915 609 950 Postridie
626 925 769 958 quoque
789 913 866 957 ejus
883 913 955 946 diei
977 913 1101 946 eadem
1119 913 1256 945 ratione
1277 911 1733 957 recepitpropugnaculum
1754 913 1876 947 Tsolae

212 980 489 1018 munitissimum
502 1003 509 1015 ,
535 975 631 1020 quod
648 975 740 1006 inter
760 974 883 1006 urbem
904 980 940 1007 et
960 975 1143 1007 castellum
1161 974 1268 1006 situm
1290 985 1369 1006 cum
1386 979 1514 1006 neutro
1535 980 1611 1007 erat
1628 975 1877 1019 conjunctum5

214 1046 389 1089 cujusque
409 1037 624 1084 praesidium
642 1034 828 1067 subitaneo
847 1034 1005 1067 hostium
1034 1035 1192 1068 adventu
1214 1035 1377 1068 territum
1398 1035 1537 1080 abjecte
1559 1048 1594 1069 se
1616 1036 1764 1069 tradidit
1784 1048 1881 1069 exer·

214 1105 303 1139 citui
325 1099 515 1136 Sultanico.
566 1097 709 1130 Miserat
725 1095 871 1140 quidem
891 1095 993 1128 Alius
1014 1095 1137 1139 Jahja,
1165 1096 1209 1128 ad
1229 1108 1353 1140 quem,
1382 1108 1461 1129 cum
1489 1098 1650 1131 Meswari
1672 1104 1765 1135 erat,
1792 1097 1879 1130 belli

217 1165 335 1200 subito
358 1161 425 1207 ipsi
446 1158 533 1192 illati
549 1157 697 1190 nuntius
716 1161 946 1201 pervenerat,
975 1155 1119 1188 fratrem
1147 1168 1249 1188 suum
1270 1156 1490 1189 Ibrahimum
1509 1158 1530 1190 s.
1553 1158 1779 1191 Mothahheri
1800 1170 1882 1192 cum

217 1224 382 1271 expedito
400 1221 537 1266 agmine
559 1219 697 1251 Tsolam
714 1223 754 1250 ut
772 1217 897 1250 urbem
918 1217 1012 1250 illam
1043 1222 1205 1250 tueretur
1233 1223 1269 1250 et
1287 1218 1363 1262 ejus
1382 1220 1687 1263 propugnaculum
1706 1219 1878 1251 desende-

217 1293 292 1328 rct;
318 1294 429 1330 quum
446 1292 529 1313 vero
550 1279 610 1311 hic
630 1284 740 1311 noctu
756 1278 806 1325 *ad
827 1279 964 1311 Tsolam
982 1279 1174 1312 adveniens
1194 1279 1422 1323 comperisset
1442 1279 1552 1312 serius
1578 1291 1613 1312 se
1633 1279 1753 1312 venire
1774 1290 1881 1324 quam

216 1356 260 1382 ut
278 1345 359 1380 urbi
379 1343 424 1376 ab
443 1340 606 1374 hostibus
623 1340 698 1384 jam
728 1345 893 1384 receptae
924 1345 1163 1377 succurreret,
1192 1331 1296 1371 timor
1326 1352 1408 1371 eum
1438 1340 1587 1384 ejusque
1613 1340 1742 1373 milites
1759 1340 1881 1385 prohi-

218 1409 297 1443 buit
310 1432 317 1445 ,
342 1415 414 1450 quo
433 1401 550 1434 minus
570 1400 667 1433 urbis
684 1401 1004 1445 propugnaculum,
1032 1400 1227 1432 secundum
1240 1400 1313 1432 Alii
1324 1399 1448 1443 Jahjae
1466 1401 1686 1438 mandatum,
1707 1401 1883 1434 intrarent

218 1469 379 1512 illudque
398 1463 643 1497 defenderent.
694 1460 780 1493 Cum
802 1461 941 1505 agmine
963 1473 1025 1493 suo
1043 1472 1078 1493 se
1100 1461 1236 1505 recepit
1258 1459 1459 1492 Ibrahilnus
1478 1460 1514 1492 in
1535 1461 1657 1493 Tsolae
1680 1461 1882 1499 castellum,

220 1530 317 1577 quod
339 1524 509 1561 altissima
527 1524 564 1556 in
584 1535 671 1567 rupe
695 1522 879 1555 eonditum
900 1521 937 1554 in
950 1521 1156 1554 firmissimis
1178 1522 1345 1554 Jelnanae
1359 1521 1511 1554 castellis
1530 1521 1657 1553 merito
1679 1533 1888 1554 annumera-

223 1593 348 1627 batur,
374 1586 542 1632 quodque
562 1584 668 1617 rebus
694 1583 856 1615 omnibus
887 1583 969 1614 satis
1000 1588 1075 1614 erat
1103 1583 1334 1619 instructum,
1362 1588 1403 1614 ut
1431 1582 1637 1614 diuturnam
1664 1582 1741 1626 pati
1770 1587 1891 1625 posset

225 1649 456 1686 obsidionem.
506 1645 698 1677 Praeerant
721 1649 796 1675 tum
815 1642 900 1674 huie
922 1642 1064 1674 castello
1081 1648 1235 1686 quatuor
1253 1642 1430 1686 principes
1451 1641 1600 1680 Arabes,
1627 1654 1778 1687 quorum
1796 1643 1890 1687 quis-

224 1723 295 1758 que
315 1709 386 1743 suis
404 1704 579 1738 militibus
599 1702 812 1748 imperabat,
839 1702 972 1747 quique
999 1702 1043 1734 de
1073 1702 1249 1734 communi
1277 1702 1388 1734 salute
1420 1702 1619 1734 communia
1647 1703 1785 1736 inibant
1811 1704 1897 1737 eon-⁴

226 1773 322 1809 silia,
347 1778 475 1812 nempe
491 1770 631 1810 praeter
648 1763 869 1796 Ibrahimum
889 1762 910 1795 f.
929 1763 1175 1801 Mothahheri,
1200 1762 1380 1795 Ahmedes
1402 1762 1423 1795 f.
1447 1761 1519 1795 Alii
1539 1763 1663 1807 Jahjae
1676 1790 1683 1802 ‚
1712 1764 1892 1798 Ahmedes

228 1835 252 1869 ἱ.
274 1829 423 1866 Thahiri
444 1832 479 1860 et
498 1825 602 1859 Abou
623 1823 864 1861 Hasschasc!1‚
891 1824 953 1868 qui
975 1830 1011 1857 et
1032 1824 1215 1858 castellum
1234 1824 1380 1857 Modaae
1402 1823 1641 1856 strenuissime
1662 1824 1890 1865 defenderat,

228 1894 283 1928 vir
296 1896 403 1925 notae
425 1886 568 1921 virtutis
589 1891 624 1918 et
643 1885 726 1917 belli
747 1885 876 1930 peritia
898 1886 1020 1919 clarus.

276 1949 472 1987 Obsidione
493 1945 577 1978 dein
597 1957 617 1977 a
638 1944 863 1978 Desterdario
893 1946 987 1991 cingi
1016 1946 1175 1991 undique
1206 1946 1323 1991 coepit
1354 1946 1441 1980 illud
1473 1946 1654 1978 castellum
1675 1944 1801 1977 eodem
1816 1944 1892 1983 die,

231 2026 302 2060 quo
332 2010 456 2044 Tsolae
484 2006 790 2052 propugnaculum
821 2006 936 2039 victor
964 2007 1161 2039 intraverat
1190 2007 1383 2044 exercitus,
1411 2012 1447 2039 et
1472 2005 1571 2038 brevi
1601 2003 1688 2037 illud
1714 2003 1806 2036 vallo
1832 2009 1895 2037 aut

231 2075 323 2109 fossa
343 2076 405 2104 aut
424 2067 631 2102 custodibus
652 2072 705 2099 est
727 2066 985 2100 circumdatum
1004 2073 1169 2100 accurate
1186 2068 1395 2101 admodum:
1418 2067 1507 2099 adeo
1528 2071 1568 2098 ut
1596 2065 1760 2102 Sinanus,
1786 2077 1893 2110 quem

231 2133 368 2169 Pascha
397 2129 591 2163 obsidionis
620 2127 795 2160 rationem
826 2127 1060 2173 cognoscendi
1089 2129 1199 2171 gratia
1226 2128 1310 2162 illuc
1328 2129 1488 2163 miserat,
1518 2124 1608 2157 nihil
1624 2137 1696 2157 non
1715 2125 1892 2158 laudabile

231 2192 409 2228 invenerit
426 2201 544 2235 neque
573 2188 769 2234 quidquam
793 2188 1031 2232 negligentius
1058 2194 1177 2221 aetum
1208 2189 1437 2233 compererit:
1463 2187 1549 2220 licet
1568 2191 1712 2230 propter
1731 2197 1828 2218 suam
1849 2184 1895 2217 ad

232 2254 515 2286 Dzamarmarum
535 2248 787 2294 negligentiam
808 2253 844 2280 et
863 2248 1070 2292 disciplinae
1098 2247 1260 2280 militaris
1280 2248 1462 2280 desectum
1481 2259 1501 2279 a
1521 2245 1746 2279 Desterdario
1776 2257 1894 2278 emen-

233 2313 356 2346 datum
375 2308 658 2353 reprehensionis
676 2319 817 2343 causam
836 2307 1036 2341 avidissime
1056 2307 1299 2353 quaesivisset.
1351 2305 1538 2351 Mustapha
1559 2311 1697 2344 autem,
1729 2317 1806 2338 cum
1824 2314 1895 2338 non

1822 2379 1895 2401 ΟΠ]-
