2055 2865
937 164 1102 200 ...6⁴4
1151 177 1223 191 ⁸..-

289 260 545 299 lutei-eadum
575 259 665 295 haec
695 260 740 294 ab
760 259 919 294 exercitu
947 260 1131 294 Sultanico
1153 259 1384 305 gerebantur,
1408 260 1514 305 jussit
1536 253 1697 298 Has'anus
1718 255 1904 299 aedificari

241 326 363 358 urbem
389 334 498 367 prope
528 323 815 356 Dzamarmarum
846 321 883 353 in
910 321 989 354 loco
1018 320 1120 356 Giras
1143 327 1155 343 ³
1191 321 1305 358 diem,
1341 331 1448 365 quam
1473 322 1707 358 circumdedit
1734 337 1836 358 muro
1867 330 1904 358 et

240 383 377 416 duabus
410 381 575 415 instruxit
603 381 732 425 portis:
769 381 865 426 quod
903 393 990 426 opus
1020 393 1082 426 per
1109 381 1289 425 ingentem
1326 381 1566 424 operariorum
1593 392 1778 418 numerum
1806 385 1898 417 intra

239 442 484 476 brevissimum
506 443 673 487 temporis
694 442 847 487 spatium
869 448 921 475 est
941 441 1151 475 absolutum.
1202 442 1301 475 Hanc
1332 439 1418 473 fecit
1446 440 1564 473 sedern
1592 442 1764 485 praefecti
1786 443 1899 476 Sulta-

236 503 328 541 uici,
363 513 470 548 quem
499 503 720 548 praefecerat
750 502 887 547 regioni
923 501 1223 535 Dzamarmarensi
1260 501 1409 545 ejusque
1439 499 1563 533 incolis
1588 501 1699 533 multa
1727 503 1902 535 concessit

236 563 420 596 cornmoda
446 568 483 595 et
511 562 702 595 beneficia:
740 568 816 596 erat
843 569 963 596 autem
993 563 1060 595 sita
1086 573 1194 605 prope
1225 559 1454 593 Schibamum
1475 560 1632 593 Sohaimi
1650 559 1683 597 b,
1719 559 1902 604 antiquam

238 622 508 667 Himjaritarum
527 622 669 660 urbem,
698 623 733 655 in
750 635 820 668 qua
842 629 927 655 tune
945 623 1062 655 adhuc
1082 621 1194 653 multa
1212 619 1436 665 antiquitatis
1466 613 1901 664 super-abanffmonumen-

235 690 289 720 ta,
316 695 408 729 quae
432 688 549 716 tamen
566 695 629 727 per
650 682 766 716 Girasi
787 683 1064 716 exstructionem
1093 693 1255 725 magnam
1281 686 1419 725 partem
1444 686 1525 713 sunt
1553 680 1744 713 destructa.
1795 680 1901 713 Prae-

237 751 291 777 ter
310 743 378 776 hoc
394 743 578 787 potentiae
598 754 680 775 suae
702 742 950 775 fulcimentum
971 740 1177 774 aedificavit
1205 740 1342 774 Pascha
1368 740 1552 773 castellum
1579 739 1769 774 admodum
1788 742 1905 774 muni-⁴

237 810 312 837 tum
330 803 366 835 in
383 806 503 834 monte
522 800 675 837 Kaha10‚
703 813 774 845 quo
796 801 856 833 illa
878 813 961 834 suae
982 801 1130 834 ditionis
1150 812 1228 845 pars
1250 802 1493 834 contineretur
1513 805 1549 832 et
1568 798 1829 832 defenderetur.

284 864 506 907 Quamquam
526 872 610 893 vero
627 861 703 905 jam
724 860 906 894 Ahmedes
927 860 1150 904 al-Moajjedi
1173 860 1307 893 Saadae
1328 860 1492 905 princeps
1520 858 1713 889 interiisset
1734 865 1770 890 et
1791 860 1904 893 Saada

238 934 311 956 sese
335 921 539 955 tradidisset
559 919 703 958 victori,
730 922 882 954 multum
903 927 1021 954 tamen
1052 921 1192 958 aberat,
1220 927 1262 954 ut
1292 931 1431 953 omnem
1456 916 1628 950 Ahmedis
1657 916 1830 952 ditionem
1847 931 1906 954 ex-‘

238 982 465 1029 pugnavisset
486 981 637 1014 Sinanus
656 984 693 1011 et
720 980 922 1024 recepisset.
974 981 1121 1014 Praeter
1148 980 1224 1013 loca
1252 980 1429 1025 quaedam
1455 976 1708 1016 munitissima,
1734 990 1825 1024 quae
1844 980 1906 1014 ad-

237 1043 309 1076 hue
340 1040 645 1077 defendebantur,
682 1040 823 1072 illorum
853 1044 1033 1072 tractuum
1064 1039 1200 1072 incolae
1238 1046 1339 1073 erant
1377 1037 1684 1072 bellicosissimum
1722 1039 1906 1074 hominum

237 1114 347 1148 genus
365 1106 401 1133 et
420 1100 551 1144 partim
569 1105 707 1133 montes
729 1099 958 1137 habitabant,
985 1099 1029 1130 ad
1049 1110 1137 1143 quos
1159 1099 1302 1132 omnino
1331 1100 1421 1134 nulli
1451 1104 1585 1132 armato
1613 1098 1760 1143 patebat
1789 1100 1908 1134 aditus

234 1161 358 1194 invitis
379 1160 522 1200 i11colis;
550 1165 590 1192 ut
618 1160 726 1198 adeo,
754 1160 782 1192 si
804 1172 838 1193 se
859 1171 978 1193 omnes
999 1158 1070 1191 suis
1094 1158 1180 1190 locis
1207 1158 1317 1202 probe
1344 1158 1598 1196 defenderent,
1625 1158 1683 1192 vix
1711 1158 1795 1192 belli
1824 1159 1907 1194 finis

235 1219 433 1265 exspectari
461 1219 631 1263 potuerit.
684 1219 849 1252 Felicitas
876 1231 960 1252 vero
990 1218 1121 1251 Ilasani
1149 1224 1186 1251 et
1213 1219 1335 1256 timor,
1362 1218 1425 1264 qui
1453 1229 1494 1250 ex
1522 1217 1708 1250 subitaneo
1734 1219 1908 1253 Ahmedis

235 1279 387 1312 interitu
408 1278 565 1311 onmium
587 1279 721 1312 animos
740 1280 924 1324 attigerat,
952 1279 1115 1312 fecerunt
1143 1284 1184 1311 ut
1209 1278 1383 1322 plurimae
1413 1283 1535 1322 gentes
1564 1289 1600 1310 se
1628 1277 1722 1309 ultro
1748 1277 1908 1311 Paschae

236 1334 470 1375 tradiderint,
496 1351 583 1384 quas
612 1340 648 1372 vi
669 1352 704 1373 se
734 1339 966 1372 subacturum
991 1350 1035 1370 ne
1067 1344 1270 1382 speraverat
1298 1338 1443 1383 quidem
1474 1338 1635 1372 Sinanus,
1686 1337 1912 1382 Simulatque

238 1398 335 1432 euim
354 1396 511 1430 redierat
525 1398 570 1431 ad
592 1404 706 1432 castra
727 1410 790 1432 sua
810 1411 919 1444 prope
941 1398 1091 1432 Saadam
1110 1398 1277 1436 Sinanus,
1299 1403 1475 1432 venerunt
1494 1398 1538 1430 ad
1556 1409 1638 1430 eum
1655 1384 1774 1430 omiies
1796 1396 1911 1431 tribus

239 1456 436 1496 Khaulani,
473 1459 650 1494 Watsilae
669 1465 701 1498 ⁰,
737 1459 895 1493 Dalimae
914 1458 948 1497 d,
984 1457 1154 1502 Nadjrani
1171 1465 1184 1480 θ
1215 1464 1250 1491 et
1279 1458 1436 1503 reliquae
1473 1458 1615 1490 illorum
1644 1462 1843 1495 tractuum,
1873 1463 1910 1491 et

242 1519 454 1566 obsequium
475 1525 558 1553 sunt
586 1519 767 1565 pollicitae
789 1519 938 1565 imperio
960 1518 1185 1555 Otsmaniem
1212 1530 1300 1564 quas
1329 1517 1481 1551 Sinanus
1501 1517 1653 1561 benigne
1676 1515 1815 1561 accepit
1832 1516 1915 1562 qui-⁴

241 1581 380 1625 busque
400 1587 525 1624 pacem
552 1583 588 1611 et
619 1578 851 1612 securitatem
880 1579 1071 1617 concessit,
1100 1579 1283 1612 obsidibus
1310 1578 1354 1611 ab
1375 1578 1443 1610 illis
1472 1578 1574 1610 dat-is.
1626 1577 1724 1610 Tune
1753 1578 1791 1611 in
1814 1578 1917 1612 dedi-'

242 1639 378 1671 tionem
396 1636 536 1681 accepit
562 1635 680 1669 omnia
701 1638 845 1670 castella
875 1637 1055 1670 Khaulani
1077 1644 1113 1671 et
1130 1637 1255 1671 Razihi
1283 1635 1308 1675 f,
1345 1637 1459 1670 veluti
1488 1636 1677 1670 Mistahum
1694 1642 1727 1675 g,
1764 1637 1915 1672 Minma-‘

246 1711 326 1733 rum
343 1698 374 1737 h,
401 1698 572 1730 Hermum
593 1694 599 1717 i
636 1702 672 1729 et
693 1697 855 1730 Zaribam
872 1696 908 1736 k,
937 1704 973 1731 et
1000 1698 1136 1743 recepit
1163 1698 1349 1730 maximam
1373 1703 1511 1742 partem
1536 1697 1705 1731 frumenti
1730 1703 1766 1731 et
1792 1698 1915 1743 pabuli

247 1758 345 1805 quod
365 1757 402 1790 in
431 1755 474 1789 iis
506 1755 777 1795 inveniebatur,
805 1763 913 1802 atque
939 1757 982 1790 iis
1011 1758 1180 1803 imposuit
1206 1758 1392 1803 praesidia.
1445 1757 1530 1790 Erat
1558 1762 1677 1790 autem
1707 1756 1834 1790 harum
1852 1759 1913 1792 tri-

248 1820 359 1853 buum
380 1817 565 1851 submissio
585 1816 783 1863 horumque
804 1817 1029 1850 castellorum
1052 1818 1196 1851 traditio
1217 1818 1404 1851 utilissima
1430 1816 1578 1861 imperio
1605 1816 1804 1860 Sultanico3
1830 1817 1916 1851 hine

249 1881 344 1915 enim
374 1878 517 1925 plurimi
548 1879 719 1912 continuo
756 1877 961 1923 prodierant
997 1877 1129 1911 milites
1166 1878 1334 1911 adversus
1369 1878 1568 1922 potentiam
1605 1877 1743 1910 Sultani
1772 1884 1916 1911 strenue

251 1942 467 1986 pugnantes,
494 1940 590 1985 quod
621 1940 659 1972 in
687 1938 986 1985 praecedentibus
1007 1938 1109 1972 bellis
1144 1937 1307 1972 omnibus
1338 1949 1419 1971 cum
1443 1938 1570 1972 damno
1596 1949 1659 1971 suo
1685 1938 1826 1973 fuerant
1857 1951 1918 1982 exv

1840 2007 1923 2047 per-:g

304 2123 316 2140 ι
338 2114 457 2165 ,ij-dt
621 2114 637 2138 b
654 2103 800 2166 2342st
829 2103 953 2156 {za-,am
982 2102 1088 2165 ,3⁶12
1115 2104 1199 2167 {am
1382 2108 1486 2160 eide-3
1514 2103 1610 2158 §aaz
1794 2099 1921 2156 dms·

304 2203 317 2223 e
337 2185 458 2247 0534„
579 2197 591 2221 f
615 2190 695 2253 52³}-
817 2204 831 2228 g
849 2198 971 2253 Cusas,
1112 2199 1259 2247 Ὅμως.
1381 2198 1388 2222 ³
1413 2211 1487 2249 su>-
1616 2198 1633 2222 k
1650 2183 1756 2245 ³²22>}⁵³·
1811 2198 1859 2227 sio
1879 2206 1917 2227 ex

253 2281 424 2315 conjectura
445 2280 525 2317 legi,
544 2285 574 2309 et
592 2290 664 2310 vero
686 2281 848 2319 legendum
868 2290 931 2310 esse
952 2280 1088 2309 videtur:
1108 2281 1138 2309 in
1160 2281 1230 2310 Cod.
1251 2282 1369 2319 punctis
1389 2280 1554 2311 diacriticis
1575 2280 1712 2312 omnibus
1733 2280 1791 2309 hoc
1810 2288 1914 2309 nomen

254 2334 427 2366 destitutum
448 2338 499 2361 est.
