2055 2865
871 113 1154 150 -67-.-

169 211 234 245 mis
253 214 290 244 et
309 209 502 255 expugnari
520 220 592 242 non
610 214 752 255 poterat
772 213 834 242 aut
861 207 939 252 capi
964 208 1033 241 nisi
1058 207 1149 243 fame
1167 215 1248 254 post
1275 209 1469 244 multorum
1489 221 1662 245 annorum
1682 212 1837 247 obsidio-

163 282 261 305 nem:
288 276 329 304 ut
348 271 438 304 adeo
466 271 675 305 dubitarent
703 282 841 308 omnes,
875 273 997 301 utrum
1028 269 1167 302 illorum
1193 270 1352 303 riderent
1380 271 1621 316 insipientiam
1647 279 1683 306 et
1711 286 1835 308 vecor-

162 333 277 370 diam,
305 344 351 365 an
367 332 524 365 Paschae
543 332 731 365 laudarent
750 330 968 365 felicitatem.
1020 330 1088 363 Ilio
1109 337 1229 363 autem
1259 343 1318 364 eos
1343 331 1477 365 honore
1504 332 1636 367 adfecit
1666 336 1834 373 maximo,

162 394 321 428 vestibus
337 394 471 439 legatos
492 392 610 426 induit
629 390 834 425 honorificis
855 394 963 434 atque
983 401 1106 422 eorum
1123 390 1310 423 consilium
1336 397 1373 424 et
1394 393 1603 438 sapientiam
1622 406 1834 442 magnopere

160 455 338 489 laudavit:
362 454 597 499 jurejurando
617 452 703 485 dein
723 464 782 485 eos
803 450 993 484 obstrinxit
1013 450 1161 483 Sultano
1180 456 1217 483 et
1236 451 1377 485 obsides
1398 454 1505 498 elegit
1527 467 1568 488 ex
1587 468 1709 489 eorum
1736 458 1832 502 prin-

160 516 318 561 cipibus,
344 527 434 561 quos
452 515 602 548 Sanaam
624 512 730 545 misit.
782 511 864 557 Ipse
883 522 1026 557 quoque
1055 511 1142 543 illuc
1170 516 1224 544 est
1251 522 1429 550 reversus,
1455 521 1642 560 postquam
1668 518 1833 552 Dzamar-

158 588 295 610 mamm
313 576 450 608 adierat
470 579 506 607 et
526 573 654 607 urbem
676 572 858 611 Girasum,
885 583 995 618 quam
1015 572 1059 606 ad
1085 572 1215 617 pedem
1241 573 1371 606 montis
1399 574 1718 612 Dzamarinarcnsis
1737 581 1831 613 aedi-

155 635 256 669 ficari
270 635 443 680 jusserat,
471 635 696 668 circumierat
716 640 752 667 et
771 634 952 668 inviserat.
1342 677 1346 680 ῃ

204 696 298 730 Hinc
313 697 474 730 Hasanus
495 696 539 730 ad
567 697 696 731 ducem
722 708 825 729 suum
847 696 1035 733 Sinanum,
1061 694 1125 740 qui
1154 699 1235 739 post
1264 701 1431 739 pacatum
1455 702 1609 730 tractum
1625 706 1831 735 montanum

153 757 328 792 Razihuin
348 758 497 791 Saadam
514 757 689 796 redierat,
716 758 812 790 misit
831 769 911 790 cuin
935 756 1091 789 miiitum
1118 756 1256 799 agmine
1285 757 1411 801 exiguo
1437 765 1645 803 apparatum
1664 760 1829 796 bellicum

155 819 269 852 omnis
289 819 445 863 generis,
472 819 649 863 imperans
668 818 702 850 ei
721 818 826 851 simul
845 823 886 851 ut
907 830 988 851 euin
1014 817 1174 850 exercitu
1202 822 1238 849 et
1265 817 1369 850 sociis
1388 820 1552 853 omnibus
1572 821 1827 866 adgrederetur

154 879 342 912 castellum
377 879 631 913 Omm—Lailam
668 885 705 912 et
741 879 924 913 obsidione
961 879 1050 912 illud
1090 879 1248 923 cingeret
1269 904 1275 916 ‚
1312 878 1427 912 donec
1465 880 1502 913 id
1539 885 1821 927 expugnavisset.

154 939 266 973 Erant
293 940 439 986 quidem
468 940 562 973 inter
588 940 768 984 principes
797 946 833 973 et
863 939 1101 976 consiliarios,
1128 939 1190 984 qui
1214 940 1394 972 Hasanum
1424 940 1548 974 abillo
1566 944 1746 988 proposito
1765 946 1825 980 de-

150 1006 285 1035 terrere
305 1007 518 1035 conarentur
537 1002 642 1046 eique
660 1001 868 1038 suaderent,
893 1005 935 1032 ut
955 999 1137 1032 omitteret
1165 999 1242 1042 ejus
1264 1000 1401 1032 castelli
1430 1001 1652 1036 obsidionem
1677 1005 1722 1037 ob
1743 1018 1824 1051 ope-

148 1062 197 1096 ris
216 1063 451 1108 multiplicem
470 1061 735 1095 difficultatem:
764 1067 840 1095 erat
858 1066 979 1093 autem
999 1060 1036 1093 id
1059 1059 1243 1092 castellum
1261 1059 1299 1092 in
1319 1059 1489 1093 altissimo
1517 1069 1636 1096 monte
1662 1065 1769 1100 situm
1790 1075 1826 1101 et

148 1124 256 1157 militi
276 1135 417 1168 prorsus
445 1124 682 1162 inaccessum,
710 1123 739 1156 si
758 1123 816 1157 vel
841 1134 862 1155 a
884 1122 1008 1167 paucis
1039 1121 1310 1163 defenderetur3
1339 1122 1469 1155 tractui
1493 1135 1637 1169 quoque
1664 1125 1715 1159 illi
1740 1127 1822 1162 ‹lee-

146 1190 227 1218 rant
246 1183 378 1222 omnia,
405 1184 536 1230 quibus
556 1184 736 1219 exercitui·
750 1196 836 1218 usus
857 1194 933 1217 esse
961 1188 1103 1228 poterat
1129 1188 1183 1220 et,
1209 1188 1251 1215 ut
1271 1187 1346 1215 erat
1366 1183 1548 1217 desertum
1567 1185 1823 1228 aridissimum,

143 1256 212 1279 nec
230 1244 408 1279 frumento
427 1246 607 1291 gaudebat
627 1246 695 1280 ista
709 1246 824 1291 regio,
850 1255 917 1278 nec
932 1244 1081 1289 pabulo,
1107 1255 1225 1289 neque
1247 1256 1339 1289 aqua
1354 1244 1423 1277 nisi
1443 1245 1587 1289 paulula
1610 1246 1819 1294 admodum;

142 1306 300 1353 denique
326 1306 466 1340 vicinus
495 1312 630 1342 tractus
660 1312 737 1340 erat
771 1305 1048 1340 bellicosissimis
1077 1304 1162 1338 viris
1188 1304 1359 1343 refertus,
1397 1317 1532 1351 eaeque
1561 1307 1672 1342 tribus
1703 1323 1824 1347 omnes

142 1367 377 1402 amicissimae
395 1374 496 1402 erant
512 1368 733 1413 principibus
754 1367 972 1412 Moajjeditis
1000 1371 1037 1399 et
1056 1365 1177 1399 hostes
1202 1366 1342 1411 imperii
1364 1366 1559 1401 Otsmanici
1576 1367 1824 1407 infensissimi:

142 1441 235 1474 quae
265 1435 384 1462 tamen
409 1429 528 1461 omnia
554 1429 737 1462 Hasanum
764 1439 837 1461 non
864 1426 1148 1472 impediverunt,
1175 1439 1246 1472 quo
1275 1427 1392 1460 minus
1423 1428 1500 1472 ejus
1529 1428 1751 1465 obsidionem
1778 1440 1815 1468 et

143 1488 440 1534 expugnationem
460 1488 590 1521 Sinano
605 1489 839 1522 mandaverit.
890 1487 1012 1521 Noluit
1038 1487 1133 1520 enim
1160 1488 1198 1521 in
1223 1488 1344 1521 hostili
1371 1488 1430 1521 illa
1449 1489 1593 1533 regione
1613 1491 1816 1538 relinquere

139 1547 341 1582 istiusmodi
368 1546 608 1581 firmissimum
637 1549 837 1586 castellum,
863 1560 935 1592 quo
965 1554 1132 1592 tanquam
1156 1548 1294 1591 refugio
1323 1548 1359 1579 in
1381 1555 1562 1592 posterum
1581 1552 1635 1584 uti
1651 1562 1814 1596 possent,

138 1609 345 1655 quicunque
362 1606 511 1650 irnperio
530 1608 713 1641 Sthanico
732 1607 956 1640 restitissent.
1009 1607 1160 1639 Sinanus
1181 1618 1262 1649 ergo
1274 1631 1281 1643 ‚
1309 1606 1521 1652 simulatque
1540 1608 1630 1642 haec
1655 1612 1812 1649 Paschae

139 1667 306 1700 mandata
322 1673 526 1712 acceperat,
553 1668 596 1700 iis
616 1678 750 1700 morem
771 1667 878 1711 gessit
899 1666 1064 1700 alacriter
1082 1671 1118 1699 et
1138 1678 1218 1699 cuin
1236 1665 1459 1710 principibus
1485 1666 1606 1706 sociis,
1632 1670 1807 1708 militibus

137 1729 208 1764 suis
227 1735 263 1763 et
291 1729 428 1763 auxiliis
455 1728 618 1762 omnibus
646 1726 735 1761 illud
764 1727 872 1771 petiit
898 1727 1101 1765 castellum,
1129 1726 1324 1759 instructus
1352 1727 1537 1760 tormentis
1563 1731 1651 1764 varii
1670 1735 1807 1776 generis

136 1796 174 1825 et
192 1795 364 1836 apparatu
385 1789 513 1823 bellico
531 1788 822 1834 locupletissimo.

180 1851 313 1885 Effecit
333 1856 452 1884 tamen
473 1849 760 1884 commemoratio
786 1848 944 1881 omnium
970 1849 1240 1887 difficultatum,
1267 1848 1398 1893 quibus
1427 1849 1596 1884 Sinanum
1626 1852 1809 1899 objecerat

133 1924 294 1958 quasque
320 1912 518 1945 identidem
541 1911 720 1956 principes
750 1910 911 1943 nonnulli
932 1910 966 1942 ei
992 1909 1228 1954 rcpetierant,
1256 1915 1296 1943 ut
1323 1910 1473 1944 alterum
1501 1914 1696 1948 exercitum
1722 1918 1805 1951 satis

132 1972 290 2005 validum
309 1984 389 2005 cum
407 1976 580 2016 apparatu
610 1970 737 2003 bellico
761 1974 798 2002 et
822 1970 935 2003 multo
963 1976 1164 2004 commeatu
1189 1971 1358 2004 adversus
1388 1970 1425 2003 id
1456 1973 1640 2006 castellum
1665 1976 1802 2010 miserit

133 2030 312 2068 Hasanus,
340 2036 528 2076 postquam
554 2030 725 2063 Sinanum
742 2030 787 2063 ad
807 2030 896 2062 illud
917 2030 1104 2064 accessisse
1126 2037 1349 2076 cognoverat.
1412 2032 1623 2077 Praeposuit
1641 2033 1726 2067 huic
1744 2047 1800 2068 ex-

130 2089 259 2124 ercitui
281 2090 479 2135 principem
498 2090 711 2129 Haidarum,
738 2101 841 2134 eujus
861 2089 905 2122 ad
924 2090 1177 2123 Omm—Lailam
1198 2091 1373 2125 adventus
1393 2092 1496 2124 valde
1518 2097 1717 2136 opportuno
1736 2105 1796 2138 ac-

133 2150 221 2183 cidit
241 2155 417 2194 tempore,
444 2155 485 2183 ut
500 2149 717 2194 reliquorum
737 2150 962 2183 confirmaret
979 2150 1114 2183 animos
1133 2156 1169 2183 et
1193 2162 1267 2183 rein
1285 2152 1535 2184 labefactatam
1565 2151 1602 2183 in
1621 2151 1798 2198 integrum

129 2210 344 2244 restitueret.
382 2210 466 2244 Erat
486 2210 580 2243 enim
601 2210 694 2243 inter
711 2205 906 2255 principes,
927 2210 1085 2244 Ahmedi
1104 2210 1126 2243 f.
1144 2210 1291 2244 Hoscini
1313 2211 1461 2249 adfines,
1490 2211 1543 2244 vir
1560 2217 1666 2246 notae
1684 2214 1795 2248 virtu-

126 2270 170 2305 tis
191 2269 339 2304 Selahus
359 2268 380 2304 f.
403 2270 476 2305 Alii
496 2270 717 2315 al-Moajjedi
733 2270 927 2310 Hasanius,
953 2271 1034 2317 qui,
1062 2282 1202 2304 omnem
1223 2271 1313 2304 hanc
1341 2271 1521 2316 regionem
1547 2272 1639 2306 bello
1669 2273 1795 2307 videns

1123 2331 1140 2363 I
1168 2329 1190 2364 2
1707 2346 1790 2368 con-
