2055 2865
950 126 1256 160 —108—

262 240 356 263 mum
386 229 462 271 ejus
501 223 630 258 montis
661 222 863 259 castellum,
902 221 939 253 iu
966 232 1036 265 quo
1068 219 1285 252 frumentum
1296 221 1306 256 ξ
1339 218 1455 263 pulvis
1499 216 1651 255 'niu-atus
1686 228 1722 256 et
1756 223 1939 268 plumbum

268 287 551 322 ‹fnum-vahatu1u
579 284 767 329 Praecepit
786 296 866 328 ergo
886 282 1068 319 omnibus,
1095 281 1157 326 qui
1176 280 1241 325 ipsi
1254 279 1496 314 adhaerebant
1516 283 1701 330 ipsumque
1719 286 1939 329 praesectum

262 349 540 385 connumerant,
568 353 609 379 ut
630 347 667 379 iii
686 346 803 378 locuni
824 344 1001 390 quendam
1028 355 1136 387 prope
1166 344 1378 377 Meswarum
1405 343 1636 377 convenirent
1656 351 1766 378 noctu
1785 346 1857 378 diei
1878 358 1940 378 un-

262 410 420 441 decimae
434 409 629 452 Diomedae
644 407 849 452 posterioris
869 405 918 447 (a.
931 405 964 438 d.
978 404 1024 438 30
1042 404 1158 448 maji).
1211 405 1326 437 Biduo
1347 400 1431 437 vero
1452 409 1534 436 ante
1556 409 1692 449 tempus
1710 407 1942 439 constitutum

264 476 411 503 conatus
430 469 615 502 estAlium
634 468 775 513 Jahjam
795 468 831 500 in
851 478 930 500 suas
948 465 1088 499 trahere
1100 471 1236 509 partes3
1259 466 1447 511 quodcum
1468 470 1588 510 aperte
1608 464 1724 499 facere
1744 478 1815 499 non
1835 468 1941 500 audc-

265 537 337 569 ret,
367 531 415 563 ita
437 537 553 563 tamen
573 542 652 564 cuni
665 542 706 563 eo
719 529 809 574 egit,
838 534 877 560 ut
897 527 940 560 de
959 529 1036 571 ejus
1049 527 1195 559 consilio
1216 526 1383 570 deinceps
1402 525 1539 559 nullum
1556 526 1765 559 remanserit
1784 527 1940 560 dubium.

261 592 371 625 teuit
391 593 484 625 enim
505 592 547 624 ad
565 597 704 636 portam
735 588 879 623 tentorii
897 588 1017 632 patrui
1043 588 1096 620 sui
1125 593 1161 619 et
1191 589 1223 620 ei
1248 587 1389 620 adstans
1411 587 1591 621 consessus
1622 594 1674 621 est
1695 587 1883 632 opprobrio
1905 600 1939 621 se

264 665 339 686 esse
358 653 603 697 dignissimum
623 667 630 693 3
659 662 810 695 cumque
833 649 936 682 Alius
964 648 1069 691 Jahja
1095 647 1172 691 ejus
1191 648 1412 692 poenitentia
1439 655 1634 682 commotus
1655 660 1737 681 eum
1758 648 1802 681 ad
1821 660 1857 681 se
1879 661 1943 681 vo-

265 713 434 752 cavisset,
463 714 593 746 olJtulit
611 713 643 744 ei
665 711 820 755 gladium
848 708 1109 741 ornatissimum
1128 713 1164 740 et
1183 709 1493 752 pretiosissimum,
1518 721 1626 754 quem
1644 708 1782 743 Pascha
1799 709 1832 742 ei
1850 708 1944 742 dono

266 776 432 813 dederat,
459 785 566 819 quem
585 783 695 816 quum
721 770 823 804 Alius
843 769 949 814 Jahja
966 769 1077 802 nollet
1097 768 1277 813 accipere,
1300 769 1437 812 juravit
1458 781 1493 802 se
1524 782 1565 802 eo
1592 782 1665 803 non
1681 782 1756 804 esse
1776 770 1942 814 dignum,

263 847 380 880 neque
402 847 443 868 eo
464 834 633 878 deinceps
653 832 743 866 velle
764 832 834 865 uti:
861 843 929 864 nee
957 836 1075 864 tamen
1102 835 1164 863 aut
1191 841 1254 874 per
1284 829 1362 874 ejus
1392 829 1550 863 actiones
1579 835 1642 862 aut
1664 841 1727 874 per
1753 830 1944 876 insequens

265 896 481 941 colloquium
497 895 666 928 inductus
684 898 738 926 est
767 892 869 926 Alius
890 891 1012 937 Jahja‚
1039 897 1080 925 ut
1106 891 1292 936 pristinam
1318 895 1508 924 renovaret
1537 889 1835 924 familiaritatem:
1861 903 1942 936 pro-

261 957 353 1002 jecit
374 956 517 990 tandem
546 954 809 990 Mohannnedes
837 965 919 987 eum
945 953 1118 998 gladium,
1155 952 1363 991 ostendens,
1399 964 1436 985 se
1468 950 1574 984 nihili
1601 950 1718 984 facere
1747 950 1840 984 dona
1866 952 1948 987 Ots;

267 1018 424 1056 manica,
452 1017 514 1051 sed
534 1028 617 1051 eum
632 1015 757 1049 reduci
776 1014 916 1048 curavit
942 1013 1045 1047 Alius
1073 1014 1180 1059 Jahja
1208 1014 1253 1047 ad
1281 1014 1375 1047 illius
1403 1012 1607 1046 tentorium.
1660 1011 1835 1046 Convenit
1862 1025 1946 1059 ergo

270 1090 351 1112 cum
371 1079 492 1117 sociis,
516 1079 605 1112 elam
623 1078 753 1111 Sinano
774 1081 810 1109 et
830 1076 905 1108 sine
923 1074 1030 1108 ullius
1058 1075 1181 1108 militis
1201 1081 1263 1109 aut
1289 1075 1391 1108 ducis
1412 1072 1586 1108 Sultaniei
1603 1072 1751 1111 notitia,
1779 1073 1823 1106 ad
1841 1073 1947 1119 Rogi-

266 1141 342 1173 lum
372 1146 528 1185 tempore
560 1139 774 1176 constituto,
804 1142 841 1170 et
858 1136 946 1169 licet
972 1147 1075 1180 aegre
1106 1135 1215 1168 ferret
1249 1135 1420 1180 plurimos
1450 1134 1717 1177 conjuratorum
1746 1134 1844 1178 operi
1873 1146 1949 1169 sese

271 1201 502 1238 subtraxisse,
531 1212 611 1233 eum
628 1200 670 1232 iis
690 1205 809 1232 tamen
826 1198 889 1244 qui
913 1197 1061 1230 aderant
1085 1196 1269 1242 profectus
1296 1201 1350 1229 est
1377 1199 1489 1228 noctu
1518 1199 1555 1226 et
1583 1193 1729 1227 advenit
1748 1195 1792 1227 ad
1808 1201 1949 1241 portam

271 1261 474 1296 Beit-Fai'si.
527 1260 648 1294 Socios
676 1266 762 1292 tunc
791 1270 912 1291 omnes
940 1257 1165 1291 abscondidit
1191 1257 1310 1302 paullo
1339 1255 1506 1293 inferius,
1533 1254 1707 1298 imperans
1727 1255 1770 1287 iis
1789 1261 1831 1288 ut
1851 1257 1950 1301 signo

272 1324 356 1356 dato
374 1322 537 1368 protinus
557 1325 826 1354 concurrerent:
854 1319 928 1364 ipse
951 1318 1044 1351 solus
1065 1318 1108 1350 ad
1126 1323 1264 1362 portam
1283 1316 1460 1350 remansit.
1511 1315 1610 1359 Quae
1628 1327 1708 1348 cum
1726 1315 1950 1360 aperiebatur

269 1395 401 1425 niane;
434 1384 571 1417 nullum
606 1382 701 1415 enim
730 1379 983 1425 exspectabant
1009 1378 1165 1419 hostem·‚
1201 1376 1321 1410 statim
1348 1377 1407 1409 ille
1444 1375 1584 1408 introiit
1612 1375 1734 1408 stricto
1764 1377 1880 1421 gladio
1910 1384 1948 1413 et

272 1446 417 1479 domum
435 1444 542 1490 petiit
562 1442 735 1489 praefecti
762 1440 934 1475 Alnnedis
964 1439 986 1473 f.
1009 1439 1137 1484 Jahjae
1158 1437 1389 1475 al-Nosairi21,
1416 1441 1457 1469 ut
1477 1446 1559 1468 eum
1585 1435 1820 1470 interficeret:
1845 1449 1954 1483 quem

274 1519 356 1541 cum
382 1506 506 1540 exiisse
537 1505 641 1538 domo
679 1503 870 1548 comperit,
907 1500 1094 1534 adscendit
1123 1505 1258 1533 tectum
1287 1499 1382 1532 illius
1408 1498 1532 1531 domus
1564 1501 1601 1529 et
1629 1507 1693 1540 per
1721 1496 1871 1542 sclopeti
1898 1510 1955 1532 ex.

272 1567 469 1612 plosionem
489 1571 526 1599 et
546 1566 657 1598 altum
679 1565 867 1597 clamorem
896 1574 977 1595 suos
1001 1561 1164 1595 hortatus
1195 1566 1249 1594 est
1279 1565 1315 1592 et
1342 1559 1387 1592 ad
1415 1557 1712 1603 expugnationem
1742 1558 1877 1591 castelli
1897 1570 1957 1593 eos

274 1627 450 1660 incitavit.
502 1626 644 1658 Frustra
664 1631 782 1658 tamen
806 1623 894 1656 illud
924 1623 1029 1655 fecit:
1058 1622 1144 1654 socii
1173 1621 1267 1653 enim
1297 1620 1374 1664 ejus
1393 1625 1533 1663 portam
1560 1618 1783 1652 invenientes
1804 1619 1958 1654 clausam

276 1700 396 1722 omnes
417 1686 635 1730 aufugerunt
655 1696 807 1730 eumque
834 1683 901 1717 sibi
928 1683 1160 1727 reliquerunt.
1212 1682 1293 1726 Ipse
1322 1685 1466 1712 coactus
1494 1684 1548 1712 est
1577 1690 1651 1711 sese
1679 1679 1861 1722 praesecto
1889 1686 1958 1714 tra-

275 1751 359 1783 dere
377 1748 469 1782 etin
487 1746 630 1780 vincula
648 1751 702 1779 est
732 1745 926 1789 conjectus.
978 1743 1128 1776 Sinanus
1157 1747 1277 1774 autem
1304 1746 1345 1773 ut
1375 1740 1513 1773 audivit
1539 1752 1620 1772 eum
1648 1740 1736 1773 clam
1757 1741 1918 1776 omnihus
1937 1753 1958 1776 e

278 1810 401 1844 castris
430 1821 505 1842 esse
534 1807 735 1853 profectum
761 1805 936 1839 intellexit
965 1815 1047 1836 eum
1076 1802 1245 1848 petivisse
1273 1801 1501 1838 Meswamm,
1538 1801 1620 1845 quia
1650 1807 1816 1840 noverat,
1850 1812 1958 1847 quam

279 1884 381 1916 aegre
404 1871 564 1908 tulisset,
591 1870 668 1913 ejus
689 1867 835 1901 ditionis
857 1865 1045 1909 imperium
1075 1862 1353 1896 Schamseddino
1379 1874 1453 1894 esse
1481 1872 1694 1894 COHCs‘va-m.
1754 1862 1849 1894 Misit
1875 1873 1958 1906 ergo

284 1932 403 1965 statim
434 1931 658 1976 praefectum
679 1929 888 1962 auxiliorum
915 1923 1243 1959 Caucabanensium
1271 1934 1351 1955 cum
1378 1934 1435 1954 sex
1466 1924 1651 1963 121521.7;1³1it-
1683 1922 1727 1953 ad
1753 1934 1834 1954 eum
1860 1933 1960 1955 mon-

280 2000 369 2026 tem:
397 1993 460 2037 qui
488 1992 551 2025 ubi
579 1991 663 2025 illue
700 1990 922 2024 advenerunt
950 1998 1032 2020 eum
1063 1986 1100 2019 in
1131 1995 1307 2018 carcerem
1346 1984 1547 2028 conjeram}
1586 1991 1657 2014 ἐκεῖ
1701 1983 1959 2016 intellexerunt.

334 2206 346 2222 ³
367 2196 513 2244 ὁὶςμαὶᾆῖ.
