2055 2865
791 82 1099 117 —115—

99 177 222 211 Tsolae
241 176 468 210 deditionem.
520 177 631 210 Simul
650 182 712 222 per
731 178 884 211 eundem
902 177 1057 222 legatum
1076 176 1297 210 conditiones
1317 176 1478 214 tradidit,
1500 187 1588 221 quas
1609 187 1773 221 exposce-

95 244 169 277 ret,
196 238 233 271 in
251 238 381 283 quibus
400 243 540 283 praeter
561 239 645 272 alias
666 238 754 271 haec
775 245 867 276 erat,
894 244 935 270 ut
953 238 1026 282 ipse
1047 238 1286 283 Sandjakbegi
1306 237 1480 272 Sultanici
1506 248 1651 270 munere
1672 248 1774 270 orna-

98 305 243 332 rcturet
259 299 438 337 omnibus,
459 299 522 344 qui
540 300 658 345 aliquo
677 311 822 332 munere
839 303 901 331 aut
918 298 1094 342 dignitate
1113 299 1150 331 in
1169 299 1312 332 castello
1332 304 1449 332 essent
1468 298 1641 342 praediti,
1669 310 1770 331 secu-

98 360 182 393 ritas
205 360 460 393 concederetur
486 365 522 393 et
542 361 647 394 venia
667 359 819 393 exeundi
841 370 921 391 cum
941 358 1042 392 bonis
1071 359 1250 396 omnibus,
1276 370 1445 404 quorsum
1474 359 1616 391 vellent.
1668 359 1773 403 Quod

97 433 209 466 quum
231 421 359 454 abillis
377 421 597 466 principibus
615 420 772 454 Paschae
792 423 885 452 esset
909 419 1130 456 nuntiatum,
1166 431 1207 451 ex
1233 419 1353 452 multis
1378 419 1660 459 conditionibus,
1687 433 1776 466 quas

95 488 235 527 praeter
250 482 354 515 modo
371 481 532 514 laudatas
551 480 752 513 Ibrahimus
768 479 997 524 praefixerat,
1024 479 1110 511 alias
1132 479 1305 512 concessit
1322 479 1501 518 Hasanus,
1528 480 1613 513 alias
1632 492 1772 514 recusa<

93 543 163 584 vit3
192 543 396 588 adjecitque
426 542 463 573 in
490 541 558 573 hoc
586 551 751 585 responso
779 540 823 573 ad
853 540 1031 585 principes
1059 540 1135 573 illos
1155 540 1278 573 misso:
1308 552 1342 572 se
1362 540 1452 572 nihil
1479 541 1593 584 majus
1613 553 1770 586 unquam

95 614 342 637 concessurum
358 601 557 641 Ibrahimo;
583 600 680 645 quod
698 601 726 634 si
745 602 940 634 secundum
960 601 1036 634 illas
1057 601 1294 638 conditiones,
1321 612 1408 645 quas
1428 607 1596 645 posuerat
1612 602 1767 640 Pascha,

90 662 294 696 tradidisset
323 662 505 696 castellum
532 661 680 707 imperio
709 661 929 700 Otsmanico,
957 674 992 695 se
1021 673 1093 694 non
1119 661 1303 699 dubitare,
1330 661 1418 707 quin
1444 674 1462 694 e
1488 673 1526 693 re
1548 673 1610 694 sua
1639 662 1770 706 egisset

92 723 310 766 Ibrahimus3
337 723 391 756 sin
408 723 644 756 recusavisset
665 734 740 759 eas,
768 734 803 755 se
823 722 914 755 nihil
935 723 1084 767 amplius
1106 734 1186 755 cum
1207 734 1248 755 eo
1269 728 1451 763 acturum3
1479 734 1558 755 eam
1577 723 1672 756 enim
1689 735 1764 756 esse

91 785 312 818 obsessorum
331 784 590 822 conditionem,
616 789 657 816 ut
678 783 752 816 sine
771 782 881 816 dubio
901 783 998 816 haud
1016 784 1066 816 ita
1086 784 1149 816 diu
1170 789 1249 828 post
1268 783 1306 816 in
1334 794 1431 816 suam
1452 784 1596 817 venturi
1617 785 1686 818 sint
1704 796 1768 829 po-

86 851 263 879 testatem.
312 845 527 878 Retulerunt
553 855 632 876 mox
660 843 841 876 Ibrahimo
870 844 1057 889 Mustapha
1084 850 1120 877 et
1151 844 1467 882 Schamseddinus,
1502 844 1591 889 quid
1622 845 1690 878 sibi
1710 857 1766 878 re-

89 906 289 951 spondisset
309 904 447 939 Pascha
466 916 618 950 eumque
647 904 866 949 impulerunt
892 905 935 937 ad
965 917 1151 950 properam
1177 906 1312 937 castelli
1331 905 1561 939 deditionem.
1612 906 1685 940 Nec
1705 907 1764 940 ab·

88 967 168 1000 nuit
187 967 263 1003 ille,
290 971 326 998 et
345 965 526 1009 rescripsit
547 976 622 998 sese
651 965 865 998 traditurum
893 965 1094 1001 castellum,
1121 965 1368 1008 praesentibus
1395 965 1534 999 duobus
1561 968 1765 1001 mediatori-

85 1027 152 1059 bus
171 1032 208 1060 et
226 1026 368 1059 omnino
388 1024 594 1058 absentibus
614 1024 697 1058 Alio
716 1025 822 1068 Jahja
842 1031 878 1058 et
898 1026 1047 1062 Sinano,
1074 1036 1140 1057 nec
1158 1025 1227 1057 nisi
1244 1031 1430 1069 praesente
1448 1026 1590 1059 Ilasano
1610 1028 1765 1070 Pascha3

87 1092 247 1120 ceterum
265 1086 503 1124 conditiones,
529 1085 649 1130 prouti
674 1085 812 1118 Pascha
837 1097 896 1118 eas
925 1086 1178 1123 constituerat,
1207 1085 1282 1118 sinc
1311 1086 1519 1130 exceptione
1546 1099 1582 1120 se
1601 1089 1763 1133 accipere

82 1159 213 1181 omnes.
274 1147 378 1191 Quod
406 1158 486 1179 cum
512 1145 670 1179 Paschae
692 1145 916 1184 innotuerat,
947 1146 1065 1179 statim
1096 1158 1131 1179 se
1160 1147 1205 1180 ad
1231 1146 1320 1180 illud
1348 1148 1417 1181 iter
1443 1149 1583 1193 paravit
1612 1155 1649 1182 et
1677 1149 1761 1183 Alio

84 1209 190 1254 Jahja
216 1209 417 1252 Sinanoque
435 1206 543 1252 jussis
572 1207 706 1241 Sanaae
732 1208 938 1241 commorari
964 1207 1146 1253 profectus
1174 1214 1228 1241 est
1254 1214 1364 1241 noctu
1391 1209 1464 1242 diei
1492 1208 1538 1242 22
1566 1210 1762 1254 Djomadae

79 1269 283 1315 posterioris
304 1268 356 1309 (a.
375 1268 408 1301 d.
430 1268 470 1301 11
495 1268 614 1313 Junii)
642 1280 722 1302 cum
750 1269 824 1302 filio
844 1269 1000 1302 Hoseino
1026 1274 1062 1302 et
1091 1269 1292 1314 principum
1322 1270 1548 1315 militumque
1569 1272 1760 1312 comitatu,

82 1330 371 1376 praelucentibus
408 1328 569 1367 facibus,
603 1330 655 1362 ita
685 1335 726 1362 ut
756 1330 823 1363 sub
847 1335 964 1363 ortum
995 1330 1076 1363 solis
1107 1330 1183 1375 jam
1222 1330 1424 1364 advenisset
1452 1331 1496 1364 ad
1532 1332 1757 1367 Mankabum.

78 1392 269 1437 Quumque
299 1390 490 1424 accederet
527 1390 825 1434 Hedjrum-Sai'd‚
861 1390 1059 1424 Hamadani
1084 1402 1231 1435 pagum,
1266 1392 1422 1424 occurrit
1448 1392 1481 1425 ei
1507 1393 1756 1428 Schamscddi-

80 1465 146 1486 nus
172 1464 253 1485 cum
278 1451 401 1484 amicis
425 1456 462 1483 et
487 1451 663 1489 exercitu⁷
698 1451 761 1496 qui
786 1451 899 1485 amice
934 1457 1102 1496 acceptus
1137 1458 1174 1485 et
1198 1457 1296 1485 veste
1323 1458 1466 1485 ornatus
1501 1453 1674 1488 Pascham
1700 1466 1757 1489 co-

78 1514 225 1546 mitatus
250 1517 304 1544 est
328 1511 373 1543 ad
399 1516 512 1544 castra
537 1511 694 1545 Tsolana.
746 1513 901 1547 Intravit
925 1518 1044 1546 autem
1077 1513 1238 1546 Hasanus
1264 1512 1389 1555 urbem
1414 1513 1551 1547 Tsolam
1576 1527 1648 1548 una
1673 1528 1754 1550 cum

78 1572 265 1617 Mustapha
291 1571 312 1604 f.
343 1571 506 1610 Thahiri,
542 1573 605 1617 qui
631 1573 749 1617 paullo
784 1580 866 1607 ante
902 1579 999 1606 extra
1024 1573 1149 1606 urbem
1182 1574 1215 1606 ei
1249 1574 1389 1607 obviam
1413 1583 1632 1618 processerat
1661 1578 1754 1610 etin

76 1633 184 1677 hujus
210 1631 380 1676 principis
405 1631 549 1665 domum
574 1644 609 1665 sc
638 1633 789 1678 recepit,
826 1634 863 1666 in
891 1646 962 1679 qua
998 1632 1203 1666 convivium
1236 1633 1273 1665 in
1306 1632 1415 1678 ipsius
1449 1635 1644 1668 adventum
1676 1644 1753 1670 erat

78 1698 250 1738 paratum.
301 1690 458 1724 Eandem
479 1690 648 1737 deinceps
674 1692 894 1738 aliquamdiu
912 1693 1106 1726 habitavit:
1132 1693 1312 1739 principes
1333 1700 1370 1727 et
1396 1694 1527 1727 milites
1557 1707 1750 1742 omnesque

76 1752 215 1786 itineris
243 1752 387 1785 comites
415 1752 453 1785 in
482 1751 645 1785 tentoriis
677 1759 759 1787 sunt
786 1753 967 1799 dispositi,
1004 1753 1041 1786 in
1067 1754 1190 1787 castris
1216 1753 1383 1787 Tsolanis.
1434 1754 1559 1788 Paullo
1584 1763 1664 1801 post
1689 1757 1749 1790 ad-

74 1818 222 1846 ventum
250 1811 359 1856 jussit
395 1812 555 1853 Pascha,
590 1819 632 1848 ut
666 1813 966 1848 Schamseddinus
1000 1820 1037 1847 ct
1070 1813 1257 1859 Mustapha
1298 1814 1521 1848 Ibrahimum
1554 1815 1749 1851 adventum

78 1886 180 1908 suum
198 1873 370 1907 docerent
395 1879 431 1907 et
449 1874 671 1919 postularent
691 1880 733 1908 ut
757 1886 830 1911 res,
862 1874 907 1907 de
926 1874 1057 1920 quibus
1075 1874 1168 1908 inter
1193 1874 1270 1908 illos
1290 1883 1523 1916 convenerat,
1545 1878 1621 1923 jam
1649 1891 1747 1914 exse-

73 1940 252 1980 queretur.
303 1934 369 1968 Ille
402 1947 486 1969 vero
519 1935 710 1968 admodum
744 1940 933 1968 cunctatus
959 1941 1012 1968 est
1037 1941 1074 1968 et
1107 1935 1412 1971 consentientibus
1438 1938 1541 1972 sociis
1565 1941 1745 1975 recusavit

73 1994 216 2027 tandem
246 1996 382 2028 castelli
415 1995 656 2033 deditionem,
690 1996 758 2028 nisi
787 1996 952 2029 laetiores
982 2003 1019 2030 et
1052 1996 1386 2032 honorificentiores
1423 2000 1645 2035 conditiones
1673 2001 1741 2034 sibi

71 2060 367 2099 proponerentur,
393 2066 501 2100 quam
525 2068 613 2101 quas
637 2068 700 2101 per
724 2057 936 2091 mediatores
954 2058 1091 2092 Pascha
1110 2065 1341 2093 concesserat.
1393 2061 1492 2093 Tunc
1511 2073 1593 2094 vero
1620 2072 1738 2106 neque

69 2115 349 2160 indignationem
361 2139 368 2152 ,
394 2126 510 2161 neque
522 2116 609 2150 iram
630 2117 808 2152 continuit
825 2119 979 2159 Pascha,
1001 2131 1109 2166 quem
1127 2119 1256 2154 frustra
1275 2121 1574 2165 susceptiitineris
1593 2112 1747 2158 etIhrass

69 2176 157 2210 himi
181 2175 427 2211 haesitationis
452 2189 559 2223 quam
583 2179 732 2217 maxime
764 2180 954 2224 taedebat3
989 2187 1025 2215 et
1052 2181 1262 2221 affirmavit,
1296 2192 1369 2217 non
1396 2181 1480 2217 alias
1506 2195 1542 2218 se
1570 2184 1738 2220 daturum

1061 2243 1089 2276 P
1116 2242 1138 2276 2
1659 2257 1742 2281 con,
