2055 2865
913 148 1196 180 —92—

228 249 334 287 {33:223}
362 246 538 279 limenius
568 242 715 276 advenit
745 241 911 274 Sauriam.
946 252 1054 286 quam
1083 239 1222 272 introiit
1253 240 1445 274 comitante
1476 241 1630 280 Pascha,
1657 242 1721 287 qui
1752 242 1784 275 ei
1817 254 1896 276 cum

218 306 437 354 principibus
468 309 505 336 et
533 303 692 336 exercitu
728 302 818 334 ierat
843 300 984 333 obviam
1013 310 1126 345 usque
1157 299 1200 332 ad
1227 299 1500 333 Hamar-Aajab.
1551 303 1727 335 Summam
1768 303 1898 336 deinde

220 367 326 402 animi
345 365 521 399 laetitiam
539 364 700 397 Hasanus
720 361 878 396 ostendit
897 373 960 407 per
980 360 1187 394 continuam
1207 365 1463 394 tormentorum
1484 362 1721 406 explosionem
1738 369 1773 397 et
1791 363 1898 402 festa,

219 440 310 474 quae
327 439 391 473 per
412 431 548 470 septem
568 424 708 458 dierum
729 424 883 469 spatium
898 423 1032 456 Sanaae
1053 421 1223 455 celebrari
1249 422 1376 466 jussit:
1403 422 1590 467 dignitatis
1615 431 1783 470 acceptae
1811 438 1902 460 nun-

220 497 310 522 tium
330 500 409 521 mox
424 498 568 533 quoque
590 486 687 519 misit
715 486 752 519 in
780 497 901 519 omnes
927 483 1174 529 praefecturae
1203 495 1287 516 suae
1319 489 1440 516 terras.
1492 483 1625 517 Triduo
1653 491 1734 529 post
1763 487 1808 518 ad
1836 487 1902 519 Pa-

223 552 344 584 scham
366 549 515 582 accessit
534 549 685 582 Sinanus
705 559 785 580 eum
813 546 986 580 comitatu
1010 544 1160 589 exiguo,
1187 549 1228 576 ut
1254 544 1288 577 ci
1319 550 1502 589 acceptam
1530 545 1769 589 gratularetur
1788 546 1900 590 ‹ligni-

222 620 332 646 tatem
354 617 390 644 et
409 621 490 644 eum
501 609 561 642 illo
574 609 618 642 de
640 608 746 642 rebus
764 607 848 640 belli
868 606 976 639 iniret
998 604 1156 637 consilia.
1183 604 1378 638 Comitibus
1390 605 1527 638 itineris
1548 605 1735 644 utebatur,
1763 612 1909 651 praeter*

222 685 353 719 paucos
371 671 519 709 milites,
545 669 767 714 principibus
789 667 943 701 Abdalla
962 665 983 698 f.
1002 665 1130 710 Jahjae
1159 664 1181 698 f.
1203 665 1358 704 Moafae,
1378 666 1538 711 principe
1560 667 1718 704 Saudae,
1746 667 1905 700 Moham-

220 736 323 769 nzcde
356 734 437 766 Alio
467 731 489 764 f.
519 730 725 764 Schowaiae
757 735 793 761 et
821 726 975 761 Abdalla
1005 725 1027 759 s.
1055 726 1216 759 Κῑιεὶῑῑῑίἐι
1243 725 1265 758 s.
1288 726 1505 760 Schowaiae.
1556 728 1697 773 Reliqui
1726 728 1906 773 principes

222 796 415 829 manebant
436 803 516 825 cum
538 790 697 823 exercitu
716 788 900 823 Sultanico
921 787 959 820 in
970 787 1110 820 Karano
1132 786 1329 823 al-Waari‚
1356 786 1394 818 in
1413 788 1556 831 regione
1578 789 1707 827 Adzriy
1734 789 1827 822 bello
1848 800 1905 821 00-

222 857 343 901 cupati
362 855 529 887 adversus
549 851 676 884 Iinami
688 849 820 884 Hasani
840 859 1008 894 sequaces
1028 847 1224 892 sociosque.
1261 846 1387 890 Magno
1406 852 1493 879 tunc
1509 848 1642 881 honore
1663 849 1833 882 Sinanum
1844 861 1903 882 ac-

224 917 319 961 cepit
338 913 475 948 Pascha
496 918 532 946 et
550 911 709 945 laetitiae
731 922 814 944 suae
836 921 918 943 eum
939 908 1028 942 fecit
1053 908 1205 953 socium,
1232 908 1295 953 qui
1314 908 1454 952 accepti
1473 908 1616 942 honoris
1634 909 1731 942 haud
1750 911 1908 942 remotis-

223 981 310 1012 sima
323 988 428 1010 causa
439 980 515 1008 erat
533 985 597 1018 per
617 972 789 1005 virtutem
806 970 972 1004 bellicam
990 981 1089 1003 suam
1101 975 1137 1002 et
1148 969 1377 1014 prudentiam
1398 980 1479 1002 cum
1497 970 1647 1003 audacia
1668 969 1906 1014 conjunctam.

270 1040 337 1073 Die
358 1049 443 1071 vero
464 1035 635 1080 vigesimo
652 1033 765 1078 primo
784 1031 946 1077 ejusdem
966 1031 1096 1064 mensis
1115 1030 1126 1072 (
1142 1031 1184 1064 12
1205 1030 1412 1073 Februarii)
1438 1030 1607 1078 gaudium
1627 1030 1724 1065 istud
1744 1030 1908 1064 nonnihil

224 1101 293 1133 suit
322 1098 540 1131 diminutum
566 1105 629 1139 per
660 1092 899 1127 Gauiseddini
927 1090 1164 1135 irruptionem
1192 1090 1420 1134 improvisam
1448 1091 1486 1123 in
1516 1099 1645 1127 terram
1671 1091 1830 1128 Paschae
1853 1102 1908 1124 so-

225 1160 325 1197 ciam.
376 1144 593 1189 Misit-enim
618 1153 677 1186 ille
706 1152 860 1185 validam
888 1150 1044 1184 militum
1079 1161 1240 1186 manum,
1277 1150 1369 1183 duce
1398 1153 1560 1196 patruele
1590 1166 1653 1187 suo
1683 1153 1859 1187 Lothfalla
1885 1152 1907 1185 s.

224 1216 484 1253 Radhieddini,
509 1213 673 1259 principe
701 1211 837 1245 castelli
862 1212 1012 1255 Djaraae
1033 1211 1066 1250 b,
1093 1211 1261 1244 adversus
1288 1223 1365 1244 eam
1386 1212 1563 1256 Hadjdjae
1584 1220 1736 1257 partem,
1765 1215 1822 1246 cui
1844 1214 1910 1245 im-

224 1278 373 1325 peralsat
411 1273 692 1309 Abdarrahimus
721 1270 743 1303 f.
776 1270 1081 1303 Abdarrahmani:
1118 1276 1347 1315 praeceperat
1387 1277 1507 1304 autem
1546 1272 1835 1310 Dhafirensibus,
1871 1279 1911 1305 ut

226 1340 351 1373 eodem
370 1337 427 1370 die
449 1336 486 1368 in
508 1334 650 1368 easdem
671 1338 782 1365 terras
801 1331 1025 1364 incurrerent
1053 1331 1250 1369 hostiliter,
1278 1338 1318 1364 ut
1347 1332 1397 1365 sie
1418 1332 1698 1366 Abdarrahimus
1725 1344 1744 1365 a
1771 1333 1910 1366 duabus

227 1400 330 1435 simul
359 1397 521 1444 partibus
548 1395 827 1439 impugnaretur.
879 1391 1029 1436 Egregie
1060 1391 1098 1424 id
1127 1391 1313 1424 eonsilium
1334 1392 1630 1436 oppugnantibus
1660 1393 1783 1435 cessit;
1810 1406 1911 1439 prae-

230 1461 352 1494 sertim
369 1470 432 1504 per
449 1456 596 1502 vigilum
617 1460 654 1488 et
672 1455 953 1499 exploratorum,
979 1451 1110 1497 quibus
1129 1452 1295 1497 princeps
1317 1451 1497 1496 Hadjdjae
1525 1451 1712 1491 utebatur,
1738 1454 1912 1488 incuriam

229 1529 266 1555 et
295 1519 501 1554 socordiam.
553 1517 682 1562 Copiae
720 1516 815 1550 enim
843 1515 938 1549 illius
969 1513 1155 1547 subitaneo
1183 1513 1320 1558 proelio
1348 1513 1504 1546 lacessiti
1539 1512 1694 1558 segniter
1719 1514 1917 1558 paullulum

230 1585 482 1627 pugnaverunt
502 1585 539 1612 et
564 1590 645 1611 mox
669 1588 791 1611 omnes
820 1583 918 1621 terga
947 1580 1151 1608 verterunt:
1180 1587 1223 1608 eo
1251 1580 1372 1608 autem
1402 1574 1508 1608 eitius
1536 1575 1573 1607 in
1600 1574 1719 1619 sugam
1750 1587 1787 1607 se
1807 1575 1918 1610 dede-

231 1648 332 1681 runt,
359 1641 444 1686 (piria
471 1651 590 1684 neque
614 1637 897 1671 Abdarrahimus
922 1647 1040 1681 neque
1068 1635 1161 1668 ullus
1183 1634 1272 1668 alius
1300 1635 1378 1679 ejus
1400 1634 1478 1667 vice
1503 1635 1626 1667 aderat
1644 1635 1825 1681 princeps,
1853 1637 1915 1682 qui

232 1704 364 1736 milites
386 1701 566 1734 ordinaret
586 1704 622 1732 et
642 1698 810 1730 incitaret
841 1702 903 1729 aut
930 1696 1066 1741 pudore
1097 1696 1155 1729 vel
1181 1696 1285 1729 minis
1305 1696 1516 1740 praemiisve
1547 1708 1606 1729 eos
1626 1697 1821 1730 retinerets
1859 1697 1918 1730 lta

237 1778 256 1797 e
285 1763 427 1808 regione
458 1759 705 1795 defensoribus
745 1758 919 1791 destituta
954 1756 1139 1789 maximam
1164 1768 1284 1790 seeum
1312 1756 1495 1790 trahentes
1529 1758 1696 1801 praedam
1725 1763 1761 1791 et
1786 1758 1931 1791 multos·

235 1826 334 1859 vicos
358 1822 584 1868 depopulati,
620 1821 731 1853 altero
751 1819 810 1852 (lie
837 1818 1002 1851 Affarum
1029 1817 1213 1851 redierunt
1238 1816 1478 1852 Gautseddini
1506 1818 1654 1855 milites,
1690 1819 1918 1852 Dhafirenses

237 1888 324 1920 item
351 1885 498 1918 domuin
527 1893 634 1916 suam.
686 1879 792 1925 Quod
812 1891 924 1924 quum
957 1879 1002 1911 ab
1019 1878 1282 1912 Abdarrahimo
1309 1877 1561 1911 adnuntiatum
1590 1883 1683 1911 esset
1709 1879 1933 1912 Sehamsed-,

238 1948 322 1980 diuo
342 1952 379 1979 et
398 1946 538 1979 Hasano
558 1942 734 1979 Paschae,
760 1941 857 1974 misit
887 1940 946 1973 ille
977 1939 1097 1973 statim
1125 1938 1334 1972 Caucabano
1362 1939 1400 1971 in
1426 1939 1520 1972 illius
1540 1939 1738 1972 subsidium
1756 1939 1920 1973 cohortes

238 2007 409 2053 quasdam
439 2018 480 2039 ex
506 2004 665 2038 exercitu
695 2014 758 2036 suo
783 2002 910 2039 lectas,
937 2012 1028 2046 quae
1050 2001 1088 2033 in
1107 2001 1259 2033 castellis
1280 1999 1458 2044 Hadjdjae
1481 2005 1562 2033 sunt
1580 1999 1791 2044 dispositae,
1819 2006 1859 2033 ut
1879 2011 1921 2033 ea

240 2067 461 2101 custodirent
470 2081 478 2108 3
504 2065 641 2100 Pascha
662 2075 745 2097 vero
768 2063 892 2096 videns
917 2073 989 2095 non
1019 2061 1181 2095 sufficere
1210 2061 1256 2094 ad
1278 2061 1514 2094 coercendum
1544 2059 1830 2096 Gautseddinum
1864 2072 1920 2093 ειη

1869 2133 1921 2155 ΕΥ-

292 2254 300 2267 ·’
325 2238 407 2302 “1⁶³¹'‘
576 2244 592 2268 b
608 2257 700 2297 ἐρ.
