2055 2865
867 172 1126 207 *9-

162 262 320 299 adventu
338 263 496 300 Paschae
516 264 647 300 Hasani
677 271 714 300 et
734 266 903 300 unionem
931 266 1087 311 exigeret
1117 268 1285 308 eandem,
1311 279 1420 315 quam
1447 270 1492 305 ab
1521 270 1713 307 Izzeddino
1744 273 1837 308 effla-

161 325 346 371 gitaverat.
396 326 464 362 Vix
484 333 546 360 aut
565 339 609 360 nc
630 327 687 361 vix
708 327 854 372 quidem
874 326 945 359 duo
975 327 1027 360 illi
1054 328 1233 373 principes
1264 330 1408 371 fratres,
1435 331 1501 366 filii
1529 332 1656 366 Imami
1675 334 1838 370 Mothah-

161 385 241 421 heri
269 387 292 421 f.
321 387 447 421 Imami
484 387 756 421 Scharaseddini
789 386 1001 420 benevolam
1030 387 1231 421 istiusmodi
1268 389 1484 435 legationem
1529 399 1838 440 exspectaverant3

159 436 381 493 summopere
401 454 519 482 tamen
540 460 581 482 ea
601 453 682 481 sunt
703 446 831 491 gavisi,
868 447 1161 493 quandoquidem
1189 448 1234 482 ad
1262 449 1413 490 bellum,
1448 453 1546 498 quod
1571 455 1688 490 animo
1714 468 1840 492 conce-

162 515 307 555 perant,
333 510 525 555 gcrendum
544 508 703 542 nondum
724 508 769 541 ab
789 508 884 542 omni
912 513 1013 553 parte
1044 514 1145 543 erant
1174 510 1300 555 parati.
1351 511 1557 548 Amicitiam
1585 515 1707 563 itaque
1724 524 1761 553 et
1779 518 1841 554 ob⁴

161 571 325 616 sequium
351 570 554 603 simulantes
582 570 708 604 eadem
734 569 872 603 ratione
902 569 1100 604 honorifica
1126 570 1284 616 legatum
1311 579 1546 617 exceperunt,
1580 587 1652 620 qua
1681 578 1843 615 Izzeddi-

160 641 228 664 nus
252 630 533 669 Mohammedes‚
561 637 598 665 et
618 643 825 676 responsum
845 630 890 664 ab
919 630 962 664 iis
983 643 1103 665 secum
1124 632 1249 666 retulit
1268 632 1435 678 Djafarus
1454 632 1661 678 pacificum,
1689 641 1778 683 grati
1795 640 1842 677 ob

161 691 254 726 dona
273 697 420 736 accepta
443 691 551 724 animi
571 698 607 725 et
625 693 787 726 continui
807 692 970 737 obsequii
998 693 1261 732 testimonium,
1297 699 1338 728 ut
1358 693 1566 734 videbatur,
1592 695 1838 734 luculentissi-

161 762 267 786 mum.
319 752 438 797 Quum
467 765 549 798 ergo
571 754 713 787 rediens
739 752 857 787 Sauda
875 758 888 775 ²
906 779 913 792 ‚
939 765 1011 799 qua
1033 753 1071 787 in
1097 753 1185 787 urbe
1217 754 1320 789 Alius
1349 754 1455 800 Jahja
1481 761 1567 789 tunc
1604 760 1841 794 commoraba-

162 817 238 851 tur,
264 813 414 847 Sanaam
431 814 578 859 petebat
593 815 746 847 laetatus
762 814 806 847 de
826 814 942 846 fausto
961 814 1150 859 legationis
1179 827 1261 848 suae
1279 821 1412 849 eventu
1438 822 1475 850 et
1492 817 1529 850 in
1553 818 1682 853 itinere
1714 820 1844 855 Cauca-

163 873 296 907 banum
314 881 480 913 venerat,
507 875 604 908 misit
631 874 845 908 Izzeddinus
874 874 991 908 virum
1019 875 1176 908 nobilem
1204 875 1394 915 Amerum,
1421 882 1604 911 auctorem
1625 879 1759 915 codicis
1780 893 1844 916 no·

163 935 241 974 stri,
269 947 350 968 cum
369 935 515 980 Djasaro
534 935 579 968 ad
598 936 779 968 Hasanum
797 934 988 973 pascham,
1012 935 1077 981 qui
1096 936 1268 982 principis
1288 948 1496 982 responsum
1514 939 1694 985 acciperet
1724 947 1761 976 et
1787 953 1841 976 re—

166 996 285 1032 ferret.
336 996 491 1030 Comiter
514 995 611 1027 hunc
636 995 820 1028 Izzeddini
848 995 1004 1038 legatum
1038 997 1177 1041 accepit
1204 998 1382 1036 Hasanus,
1409 1004 1509 1032 veste
1535 998 1733 1034 honorifica
1762 1015 1844 1037 eum

167 1058 308 1092 ornavit
329 1063 365 1090 et
384 1055 586 1100 Djasarum,
612 1055 650 1087 in
674 1053 777 1098 cujus
794 1053 898 1086 domo
919 1060 1000 1088 octo
1022 1055 1098 1089 dies
1123 1058 1337 1100 permansit,
1363 1058 1461 1092 laute
1483 1064 1520 1092 et
1547 1059 1744 1094 liberaliter
1763 1074 1846 1098 eum

163 1118 323 1162 recipere
337 1116 456 1160 jussit.
507 1114 599 1148 Dein
617 1114 799 1160 ablegatus
819 1121 873 1149 est
890 1114 949 1148 ille
971 1127 1052 1150 cum
1072 1117 1222 1162 epistola
1242 1118 1393 1157 lIasani,
1419 1130 1491 1165 qua
1508 1119 1675 1155 laudibus
1702 1125 1849 1159 summis

163 1177 347 1212 Izzeddini
368 1176 555 1210 consilium
573 1176 751 1211 amicitiae
779 1182 815 1210 et
839 1176 1021 1211 societatis
1050 1178 1177 1212 extulit
1204 1178 1365 1227 illudque
1396 1180 1464 1213 sibi
1486 1181 1678 1216 admodum
1706 1191 1845 1229 gratum

160 1238 333 1272 accidisse
353 1244 407 1272 est
422 1238 619 1284 professus:
646 1238 691 1272 de
713 1237 856 1272 foedere
875 1238 1032 1273 ineundo
1061 1239 1212 1286 ejusque
1244 1240 1510 1276 conditionibus
1531 1247 1567 1276 et
1584 1254 1649 1288 per
1662 1244 1846 1290 jusjuran-

160 1298 248 1334 dum
267 1299 448 1333 sanctione
466 1300 635 1345 deinceps
655 1311 736 1333 cum
756 1299 816 1333 illo
833 1312 869 1334 se
887 1307 1061 1334 acturum.
1095 1300 1217 1335 Rediit
1238 1301 1289 1336 ita
1306 1301 1445 1347 legatus
1466 1302 1651 1338 Izzeddini
1672 1304 1844 1346 Amerus,

162 1360 266 1406 cujus
285 1360 443 1394 animum
461 1373 587 1407 magna
608 1361 741 1394 Hasani
759 1361 961 1395 reverentia
981 1362 1058 1406 jam
1089 1367 1176 1395 tunc
1204 1368 1462 1408 occupaverat:
1490 1363 1630 1397 viderat
1649 1365 1745 1399 enim
1765 1366 1845 1411 ejus

161 1422 290 1467 agendi
306 1422 482 1456 rationem
502 1422 597 1456 omni
616 1422 722 1455 laude
752 1422 988 1466 superiorem,
1023 1421 1182 1455 nobilem
1210 1428 1247 1455 et
1264 1422 1472 1467 popularem
1502 1428 1539 1456 et
1561 1434 1733 1459 summam
1763 1427 1842 1472 ejus

161 1493 245 1526 erga
259 1483 492 1527 propinquos,
518 1483 589 1514 imo
610 1493 695 1514 vero
715 1493 836 1515 omnes
856 1482 919 1526 qui
938 1481 983 1515 ad
1005 1493 1087 1515 eum
1103 1482 1334 1521 accederent,
1361 1483 1581 1523 comitatem,
1606 1496 1699 1530 quae
1726 1487 1840 1532 impe-

161 1541 284 1575 diebat
301 1542 409 1574 animi
430 1540 603 1574 celsitudo
621 1554 692 1586 quo
711 1542 827 1575 minus
846 1543 1048 1586 neglectum
1066 1548 1224 1587 pareret,
1251 1548 1314 1576 aut
1336 1544 1574 1578 reverentiam
1601 1546 1755 1592 principi
1781 1548 1841 1584 de-

161 1601 272 1635 bitam
294 1601 540 1642 imminueret3
567 1601 707 1633 viderat
734 1602 871 1645 copiam
900 1602 1063 1646 equitum
1096 1601 1332 1646 peditumque
1358 1601 1451 1636 bene
1480 1604 1742 1645 ordinatorum,
1779 1609 1841 1642 ho-

159 1672 310 1707 rumque
330 1661 375 1694 ad
393 1672 475 1694 eum
491 1660 765 1706 propensionem
784 1662 967 1707 majorem,
993 1672 1101 1706 quam
1127 1673 1199 1708 qua
1228 1662 1321 1696 ullus
1350 1668 1434 1696 ante
1459 1675 1542 1697 eum
1565 1664 1703 1699 Pascha
1724 1666 1842 1702 suerat

160 1723 319 1769 gavisus;
355 1721 496 1755 viderat
520 1722 750 1755 arctissimam
778 1722 1085 1767 conjunctionem,
1121 1733 1213 1768 quae
1240 1722 1334 1755 inter
1364 1723 1464 1756 illum
1494 1730 1531 1757 et
1559 1724 1714 1759 militum
1739 1739 1839 1772 prae-

161 1783 273 1818 fectos
301 1783 540 1828 ductoresque
574 1783 839 1822 intercedebat,
865 1783 1055 1829 praeclaris
1082 1783 1161 1828 ejus
1191 1783 1325 1828 ingenii
1354 1783 1499 1818 dotibus
1520 1785 1675 1819 innixam
1696 1793 1732 1820 et
1751 1787 1838 1822 libe-

160 1845 300 1879 ralitate
320 1844 503 1878 firmatam.
554 1843 756 1889 Unicuique
777 1844 872 1877 enim
890 1844 1088 1878 secundum
1104 1845 1232 1877 merita
1247 1843 1351 1878 valde
1368 1845 1564 1880 liberaliter
1581 1858 1730 1881 munera
1753 1848 1837 1883 dare

161 1911 413 1947 consueverat3
440 1905 502 1938 sed
521 1903 629 1937 dabat
649 1905 811 1949 singulis,
838 1905 1047 1950 plerumque
1074 1905 1164 1938 clam
1190 1905 1354 1950 reliquis,
1381 1911 1423 1940 ut
1451 1906 1541 1940 adeo
1562 1909 1715 1955 quisque
1734 1917 1834 1955 puta-

159 1972 217 2000 ret
251 1966 340 1999 haec
375 1965 552 1999 beneficia
586 1964 653 1998 sibi
690 1966 752 1998 uni
781 1965 880 1999 illum
909 1966 948 1999 in
985 1965 1129 2000 modum
1162 1966 1377 2010 contingere.
1433 1967 1648 2013 Pel-ceperat
1680 1971 1835 2016 denique

160 2026 312 2060 Amerus
337 2038 461 2059 omnes
486 2026 643 2059 omnium
670 2027 834 2060 ordinum
859 2026 1019 2060 homines
1036 2052 1044 2065 ,
1077 2033 1261 2072 magnates
1290 2033 1328 2062 et
1357 2027 1538 2074 principes
1554 2054 1562 2068 ‚
1597 2030 1727 2064 milites
1754 2042 1834 2065 cum

159 2086 328 2124 ducibus,
344 2087 522 2132 *civesque
544 2099 624 2120 cum
649 2088 873 2132 proceribus,
904 2099 986 2120 eum
1010 2098 1117 2133 quam
1143 2088 1336 2134 plurimum
1374 2088 1502 2122 efferre
1528 2095 1564 2123 et
1595 2089 1762 2124 laudibus
1789 2103 1830 2126 ex

159 2147 277 2182 animo
299 2158 382 2180 eum
407 2147 575 2193 prosequi
604 2148 772 2191 summi53
807 2149 857 2183 ita
883 2154 926 2183 ut
947 2148 1023 2195 jam
1056 2153 1143 2184 tunc
1168 2150 1334 2197 augurari
1362 2149 1506 2187 liceret,
1540 2149 1618 2195 ejus
1645 2149 1833 2196 imperium

1761 2213 1830 2258 glo„

208 2326 226 2345 a
256 2305 379 2363 ἔξω.
