2055 2865
861 135 1170 172 —102—

193 237 317 286 repelli
340 242 375 271 et
403 233 520 279 coegit
537 244 619 267 eum
645 231 843 278 principem
863 231 982 277 copias
1009 243 1088 265 suas
1116 230 1307 276 plurimum
1338 228 1499 265 dividere
1536 241 1617 266 cum
1649 226 1775 277 magns>
1805 242 1868 266 suo

193 301 419 335 detrimento.
472 294 739 330 Gautseddinus
780 299 897 326 tamen
927 293 1029 327 valde
1067 298 1143 326 crat
1172 304 1335 326 securus:
1370 297 1618 336 praeterquam
1648 293 1742 326 enim
1771 291 1868 338 quod

195 363 323 405 Djaraa
344 358 531 402 hueusq‘ue
552 362 628 389 erat
646 355 799 394 invicta,
826 355 1063 400 imperaverat
1083 355 1202 399 paullo
1231 360 1313 388 ante
1342 353 1412 386 suis
1431 357 1472 385 ut
1500 352 1642 385 semitas
1669 365 1871 399 corrumpe-

195 427 273 455 rent
292 425 328 453 et
349 406 442 452 viam
469 419 547 463 ejus
573 418 705 451 montis
732 423 768 450 et
794 415 931 449 aditum
961 415 1152 449 redderent
1176 415 1295 449 ubivis
1324 414 1588 449 difficillimum:
1617 414 1769 459 operarii
1787 427 1872 449 vero

196 482 309 518 illius,
331 480 367 513 id
386 480 483 525 quod
500 479 575 525 ipse
592 478 795 515 nesciebat,
813 477 886 509 'non
905 475 1039 509 sincere
1060 481 1204 519 egerant
1225 482 1260 509 et
1276 475 1427 521 plurima
1443 474 1538 514 loca,
1562 473 1626 508 ubi
1646 472 1782 512 aditus,
1807 475 1876 507 etsi

198 542 296 576 haud
317 540 463 587 quidem
480 539 614 578 facilis,
643 537 792 584 patebat
810 543 947 574 tamen,
973 535 1193 581 reliquerant
1213 536 1358 570 intaeta.

245 602 392 636 Accidit
421 601 523 638 hinc,
561 611 643 633 eum
670 599 730 632 die
757 598 926 642 vigesimo
956 595 1088 629 Rebiac
1115 596 1320 639 posterioris
1347 596 1401 639 (a.
1423 596 1455 630 d.
1478 595 1520 631 11
1552 595 1706 642 Aprilis)
1735 594 1876 641 agmina

196 663 380 698 Sultanica
399 674 439 695 ex
460 662 539 694 loco
559 660 728 707 quodque
748 671 811 692 suo
830 663 987 690 montem
1017 656 1232 690 adscendere
1260 664 1473 692 conarentur
1498 664 1534 693 et
1555 657 1794 693 Gautseddini
1812 658 1878 690 mi-

197 725 280 760 lites
299 724 405 757 unice
433 723 505 756 sere
527 723 564 755 in
591 720 679 754 illud
699 730 824 763 agmen
855 717 1011 750 animum
1041 717 1289 756 intenderent,
1316 719 1413 764 quod
1439 720 1570 753 Sinano
1591 719 1682 753 duce
1698 716 1877 757 irruebat,

202 793 244 820 ut
274 785 438 819 celeriter
469 783 558 815 aliae
587 781 752 814 cohortes
773 779 850 812 aliis
877 779 982 818 locis,
1013 778 1134 812 inseiis
1154 778 1307 823 primum
1323 779 1505 818 hostibus,
1538 781 1575 813 in
1594 781 1724 813 montis
1750 792 1878 825 perve-

198 847 317 879 nerint
344 844 501 877 culmen:
538 854 630 888 quae
659 853 739 875 cum
765 853 846 874 mox
875 846 910 874 et
939 853 958 873 a
986 839 1158 872 lateribus
1186 845 1222 872 et
1251 851 1270 872 a
1297 845 1394 884 tergo
1423 840 1642 873 adversarios
1662 839 1753 873 nihil
1780 840 1876 885 ejus-

199 908 295 941 modi
316 909 561 950 exspectantes
578 904 873 948 aggrederentur,
900 901 1019 935 statim
1039 913 1098 934 eos
1128 900 1165 934 in
1186 901 1304 945 sugam
1321 907 1516 935 verterunt.
1566 901 1736 935 Celeriter
1755 902 1878 947 itaque

186 969 310 1001 >‘totius
330 966 461 999 montis
477 965 614 1010 potitus
634 970 686 997 est
708 965 860 997 Sinenus
882 975 923 996 eo
944 964 1002 996 die
1025 969 1060 996 et
1079 963 1195 996 omnia
1216 964 1294 1008 ejus
1312 963 1391 996 loca
1409 964 1548 997 munita
1568 953 1738 1010 vicosque
1757 975 1879 998 omnes

197 1042 270 1063 uuo
300 1029 358 1061 ‘die
387 1027 524 1071 recepit
554 1026 591 1059 in
616 1024 862 1063 deditionem,
900 1031 1048 1069 excepto
1083 1025 1227 1058 castello
1266 1025 1343 1069 ejus
1373 1024 1504 1058 montis
1531 1025 1718 1063 altissimo,
1754 1025 1879 1059 itidem

199 1093 330 1136 Djaraa
350 1089 466 1125 dicte,
493 1086 591 1132 quod
611 1082 783 1131 postridie
814 1085 881 1130 ipsi
911 1091 965 1118 est
995 1085 1165 1118 traditum
1195 1091 1232 1120 et
1260 1086 1345 1119 dein
1373 1086 1451 1120 aliis
1476 1087 1591 1120 ‘etiam
1618 1086 1879 1121 munitionibus

198 1154 390 1186 limitatum.
441 1147 553 1182 Pauci
573 1153 692 1180 tamen
712 1159 752 1180 ex
773 1147 935 1180 hostibus
966 1147 1010 1180 ab
1040 1146 1199 1180 exercitu
1227 1147 1411 1180 Sultanico
1438 1151 1520 1179 sunt
1540 1149 1667 1187 occisi,
1693 1161 1804 1194 quum
1824 1149 1882 1183 vix

204 1210 414 1246 adversariis
432 1208 824 1241 restitissentznuxilia
851 1208 977 1240 Imami
999 1208 1151 1246 Hasani,
1177 1214 1269 1254 quae
1294 1208 1331 1240 in
1353 1220 1395 1241 eo
1414 1210 1536 1241 monte
1559 1206 1749 1246 steterant,
1777 1209 1882 1242 aufu-

207 1277 331 1318 gerant
352 1269 601 1303 Ahnoumum:
628 1268 757 1313 reliqui
775 1268 907 1300 milites
934 1268 1144 1313 plerumque
1169 1268 1386 1301 invulnerati
1417 1269 1583 1302 adierunt
1607 1281 1686 1307 cum
1709 1268 1884 1303 Gautsed-

204 1334 289 1366 dino
309 1330 493 1364 castellum
513 1327 677 1361 Affarum
699 1334 734 1361 et
753 1328 845 1360 intra
865 1328 941 1372 ejus
961 1329 1181 1361 munimenta
1202 1339 1238 1360 se
1256 1334 1478 1372 receperunt.
1529 1329 1735 1362 Occisorum
1764 1336 1884 1363 autem

204 1393 322 1438 capita
340 1396 478 1424 resecta
498 1389 648 1423 Sinanus
676 1389 829 1434 primum
848 1388 988 1422 Tsolam
1007 1388 1123 1427 misit,
1149 1394 1190 1422 ut
1206 1399 1269 1433 per
1298 1387 1423 1421 urbem
1444 1400 1521 1421 eam
1542 1394 1785 1433 portarentur,
1811 1399 1882 1436 quo

202 1455 356 1500 quisque
390 1451 547 1489 videret,
583 1449 680 1496 quali
712 1462 879 1483 successu
907 1455 1113 1488 uterentur,
1149 1449 1212 1495 qui
1233 1449 1343 1494 copiis
1361 1446 1551 1483 Sultanicis
1573 1461 1608 1483 se
1638 1450 1886 1495 opposuissem:

203 1521 266 1548 aut
287 1514 330 1547 iis
349 1513 514 1546 resistere
543 1506 775 1553 conarentur-3
803 1506 887 1544 dein
907 1516 990 1544 sunt
1016 1511 1185 1544 translata
1212 1511 1371 1545 Sanaam.
1421 1511 1594 1546 Praedam
1619 1522 1758 1545 omnem
1788 1511 1887 1545 Sina-

203 1587 270 1608 nus
298 1574 473 1606 militibus
502 1573 695 1610 concessit,
730 1572 887 1616 exceptis
920 1571 1129 1605 mulieribus
1162 1572 1409 1617 parvulisque,
1443 1572 1577 1618 quibus
1600 1584 1644 1605 ne
1680 1573 1887 1606 detrimenti

204 1635 293 1681 quid
314 1634 513 1671 accideret,
540 1633 643 1666 valde
663 1633 812 1665 curavit.
863 1632 983 1665 Castra
1001 1632 1085 1664 dein
1104 1632 1224 1676 posuit
1251 1644 1360 1677 prope
1392 1633 1576 1666 castellum
1595 1632 1746 1677 Djaraae
1769 1639 1805 1666 et
1825 1630 1887 1667 ob-

205 1696 345 1729 sidione
365 1694 491 1727 clausit
510 1693 692 1731 Ass'arum,
719 1691 958 1726 Gautseddini
989 1692 1108 1725 sedem
1136 1697 1172 1725 et
1189 1694 1466 1727 munitissimum
1491 1693 1692 1731 castellum,
1719 1694 1814 1727 unde
1836 1700 1887 1727 ta-

206 1767 290 1790 men
305 1755 467 1800 quotidie
489 1754 592 1787 multi
614 1753 898 1798 transfugiebant
916 1752 1063 1792 milites,
1089 1763 1200 1799 quum
1229 1755 1315 1787 socii
1344 1761 1381 1788 et
1409 1753 1584 1787 auxiliarii
1613 1755 1715 1799 longe
1741 1755 1885 1801 plurimi

206 1816 495 1850 Gautseddinum
510 1816 586 1860 jam
605 1814 854 1849 deseruissent.
1202 1808 1204 1811 ¹

256 1876 392 1910 Eodem
421 1877 481 1910 illo
510 1876 587 1915 die,
623 1888 695 1922 quo
723 1875 874 1908 Sinanus
901 1881 1059 1909 montem
1079 1875 1228 1921 Iljaraae
1256 1868 1488 1922 expugnarit,
1525 1877 1647 1924 copiae
1685 1877 1889 1911 Sultanieao

207 1939 348 1973 duobus
379 1937 455 1970 aliis
482 1937 570 1971 locis
598 1936 783 1971 victoriam
809 1942 1082 1981 reportaverunt
1111 1937 1421 1971 evidentissimam.
1473 1939 1574 1972 Mane
1603 1939 1697 1972 enim
1718 1939 1795 1982 ejus
1813 1938 1887 1970 diei

208 1999 404 2032 immiserat
431 1999 586 2032 Imamus
616 1989 777 2031 IIasanus
807 1997 970 2031 cohortes
1000 1997 1170 2044 quasdam
1196 1998 1391 2043 populandi
1421 1999 1533 2044 gratia
1561 2000 1598 2033 in
1622 2000 1803 2046 regionem
1823 1998 1888 2043 ipsi

212 2060 407 2099 confinem,
435 2058 574 2092 Sultani
598 2058 746 2104 imperio
776 2057 964 2091 subditam.
1017 2058 1122 2103 Quod
1142 2070 1224 2092 cum
1251 2060 1494 2104 percepissent
1514 2060 1637 2105 copiae
1666 2060 1888 2096 Sultauicae,

210 2131 302 2164 quae
320 2120 356 2153 in
379 2119 502 2152 castris
521 2124 622 2153 erant
641 2119 679 2152 in
697 2118 836 2151 Karano
857 2117 1031 2154 al-Waari
1042 2119 1183 2165 positis,
1211 2119 1332 2152 statim
1351 2119 1561 2165 prodierunt
1580 2121 1766 2166 expeditae
1784 2131 1890 2165 quae-

215 2182 296 2213 dam
317 2180 496 2218 cohortes,
522 2191 615 2226 quae
637 2179 763 2212 Imami
784 2179 916 2212 Hasani
934 2179 1065 2212 milites
1084 2191 1124 2212 ex
1144 2179 1333 2225 improviso
1349 2191 1529 2226 aggressae
1551 2180 1782 2226 profligarunt
1803 2185 1837 2212 et
1855 2179 1892 2211 in

216 2240 334 2285 fugam
351 2242 535 2285 jecerunt,
561 2240 683 2276 multis
700 2240 843 2278 occisis,
870 2251 1021 2286 (suorum
1041 2241 1158 2287 capita
1177 2246 1259 2276 sunt
1282 2247 1435 2281 resecta,
1465 2241 1586 2276 multis
1605 2252 1746 2288 quoquc
1768 2239 1890 2284 captis.

1825 2299 1892 2333 ue-
