2055 2865
934 94 1239 127 *lio-—

256 187 494 222 conditiones,
530 196 635 231 quam
662 196 748 229 quas
777 184 914 228 pridem
940 184 1168 228 praefixerat3
1194 197 1285 229 quae
1317 187 1345 218 si
1368 187 1483 220 minus
1511 187 1690 220 lbraliimo
1722 189 1920 231 p'acornnt,

254 250 377 284 sciret,
404 259 440 279 se
459 257 529 278 nou
550 246 680 278 iterum
708 245 844 278 litteras
872 250 935 277 aut
953 245 1087 289 legatos
1117 247 1159 279 ad
1180 257 1260 278 eum
1288 246 1492 283 missurum,
1518 259 1633 291 neque
1663 248 1706 279 ab
1732 260 1773 280 eo
1802 249 1924 279 missos

254 308 496 341 admissurum.
525 305 619 337 Istae
641 317 723 349 ergo
744 305 937 337 occidiouis
958 306 1053 339 haud
1073 307 1202 339 dubiae
1222 306 1337 338 minae
1358 306 1537 349 'fregerunt
1560 308 1728 340 lhrahimi
1748 309 1901 340 :mimum
1914 332 1922 344 ‚

255 370 302 400 ita
322 372 363 399 ut
382 378 454 398 non
472 366 622 398 ulterius
640 377 773 398 moram
793 366 1011 411 quaesiverit
1031 372 1067 399 ct
1087 368 1211 400 codun
1231 367 1288 398 dic
1316 366 1451 398 miserit
1471 365 1558 398 duos
1574 368 1768 412 principes,
1803 369 1925 402 ‘’thine-

255 429 337 460 dem
357 427 378 459 f.
399 426 561 464 Thahiri,
590 437 631 458 ex
649 426 869 470 principibus
890 427 1050 460 Dzamari
1069 433 1100 465 ὃ,
1127 427 1368 459 doctrinarum
1389 425 1587 458 ethicaruln
1607 427 1856 470 peritissimum
1879 428 1927 459 vi-

256 498 352 523 rum,
373 492 409 518 et
428 486 590 520 Nasirum
612 486 633 518 s.
655 487 786 519 Ilasaui
804 487 1007 524 llamzium,
1035 486 1202 519 Dscifauo
1221 487 1234 505 b
1253 486 1460 523 oriumium,
1487 486 1548 531 qui
1569 492 1732 518 curarent
1754 487 1927 519 conditio-

259 560 345 580 num
365 547 666 580 confirmationem
689 553 724 580 ct
746 544 1050 591 subscriptionem.
1102 547 1202 589 Quae
1223 558 1277 579 res
1297 552 1337 578 ut
1356 547 1429 578 sine
1450 546 1521 579 ulla
1547 547 1775 579 cunctatione
1795 558 1856 590 per
1872 558 1930 579 eos

260 608 330 641 fuit
350 608 528 645 absoluta,
555 608 738 640 redierunt
760 608 803 639 ad
826 608 949 639 Tsolae
980 607 1161 639 castellum
1191 619 1210 638 a
1230 608 1365 640 Pascha
1394 608 1486 652 large
1508 608 1640 640 donati.
1691 607 1932 639 Constitutuui

259 675 379 702 autem
397 675 490 706 crat,
517 675 574 703 ut.
603 669 733 701 tradito
755 668 877 700 Tsolae
909 668 1071 704 castello,
1100 667 1278 699 Ibrahimo
1306 669 1561 701 concederetur
1590 667 1828 711 Sandjakbegi
1854 667 1933 699 Sul-

258 730 366 763 tanici
394 741 520 762 munus
550 734 586 760 et
616 727 850 771 stipendium,
883 733 919 759 ct
947 727 1102 760 Ahmcdi
1129 726 1150 758 f.
1178 726 1252 758 Alii
1279 727 1404 771 Jahjae
1441 728 1656 771 stipendium
1683 727 1932 772 quotidianum

260 798 403 825 centum
422 800 644 822 nummorum
667 788 969 821 Otsmanicorum:
997 787 1174 832 quidquid
1197 798 1280 819 vcro
1307 786 1343 818 in
1364 786 1506 818 castello
1525 787 1743 828 inveniretur
1763 799 1802 820 ex
1831 787 1932 820 bouis

258 853 332 886 Alii
362 851 490 894 Jahjae
517 855 554 882 et
580 848 752 881 Ahmcdis
782 848 803 880 s.
835 848 909 881 Alii
937 848 1080 892 Jahjae,
1108 848 1145 880 id
1174 859 1276 880 omne
1302 847 1499 891 aequaliter
1519 846 1739 880 divideretur
1758 847 1849 879 inter
1868 847 1935 880 Pa-

261 914 380 947 seham
410 918 447 945 et
475 909 713 946 Ibrahimum,
750 909 800 940 ita
826 915 867 941 ut
894 920 939 941 ne
978 908 1159 951 minimam
1187 908 1332 953 quidem
1360 907 1436 951 ejus
1464 911 1602 950 partem
1630 907 1804 952 reciperet
1831 906 1934 939 Alius

260 974 365 1018 Jahja
388 987 395 1014 3
429 970 621 1017 praefectis
657 974 775 1001 autem
817 974 853 1001 et
888 968 1058 1001 ministris
1099 968 1270 1000 Ibrahimi
1307 968 1432 1000 liceret
1468 972 1703 1011 transportare
1747 967 1839 999 bona
1875 978 1937 1000 sua

261 1033 378 1067 onmia
399 1032 443 1065 ad
461 1043 568 1076 quem
587 1031 705 1063 locum
723 1030 855 1063 vellent
874 1041 915 1061 ex
936 1030 1036 1061 terris
1059 1029 1267 1066 Sultanicis,
1299 1034 1336 1060 et
1353 1028 1557 1072 quicunque
1586 1039 1627 1059 ex
1647 1039 1769 1060 corum
1787 1039 1933 1060 numero

265 1093 412 1127 transire
434 1096 580 1136 cuperet
602 1090 638 1122 in
657 1089 794 1122 Sultaui
810 1088 1046 1121 ministerium
1068 1090 1101 1121 ci
1123 1091 1378 1121 concederetur
1398 1088 1540 1120 solitum
1561 1088 1794 1133 stipendium:
1823 1088 1937 1121 omnis

264 1166 367 1199 porro
393 1157 583 1197 apparatus
610 1151 776 1186 bellicus,
804 1155 978 1182 tormenta
1006 1149 1202 1187 Sultanica,
1229 1161 1341 1185 arma,
1367 1149 1483 1192 pulvis
1502 1148 1671 1187 nitratus,
1700 1149 1883 1194 plumbum
1902 1154 1938 1181 ct

263 1214 400 1258 reliqua
420 1211 595 1255 ejusmodi
615 1211 805 1243 transirent
827 1210 871 1241 ad
892 1210 1079 1253 imperium
1099 1209 1359 1244 Otsmanicum:
1387 1207 1567 1240 Ibrahimo
1585 1208 1739 1254 denique
1760 1210 1797 1242 in
1815 1209 1936 1254 pabuli

264 1280 300 1307 et
321 1271 489 1306 frumenti
510 1270 832 1315 compensationem
853 1269 990 1302 Pascha
1007 1270 1108 1302 daret
1128 1270 1199 1302 duo
1226 1270 1336 1301 millia
1364 1280 1550 1301 aureorum
1577 1280 1807 1302 nummorum.
1859 1269 1937 1301 Jus-

265 1335 312 1367 sit
329 1333 413 1366 dein
433 1331 570 1366 Pascha
590 1330 829 1364 consiliarium
858 1329 1053 1363 Hoseinum
1081 1329 1219 1373 Jazedji
1246 1329 1377 1361 intrare
1409 1329 1591 1361 castellum
1611 1335 1647 1361 et
1666 1329 1704 1361 in
1721 1340 1763 1361 eo
1784 1340 1937 1362 commo-

267 1394 339 1427 rari
359 1404 440 1426 cum
458 1393 597 1437 agmine
617 1391 788 1429 militum,
818 1396 859 1423 ut
890 1401 1010 1423 curam
1031 1395 1168 1435 gereret
1188 1400 1327 1427 eorum,
1357 1400 1448 1433 quae
1469 1388 1562 1420 intra
1582 1389 1765 1421 castellum
1783 1390 1938 1433 pertine-

271 1456 357 1488 bant
377 1454 422 1487 ad
440 1453 533 1486 bona
554 1452 746 1487 Sultanica.
798 1451 926 1484 Statim
957 1456 1043 1484 tunc
1073 1455 1267 1495 coeperunt
1292 1449 1424 1482 obsessi
1451 1448 1544 1481 bona
1564 1459 1626 1481 sua
1645 1448 1761 1481 omnia
1781 1455 1817 1481 et
1835 1461 1942 1494 quae-

272 1527 412 1561 cunque
439 1515 524 1559 ipsis
542 1525 605 1559 per
634 1512 854 1546 conditiones
892 1517 993 1545 erant
1021 1524 1187 1545 concessa
1217 1523 1236 1544 e
1269 1510 1414 1544 castello
1441 1509 1599 1548 auferre,
1634 1508 1834 1542 Ibrahimus
1862 1510 1943 1555 qui-

269 1577 350 1609 dem
371 1581 408 1608 et
433 1574 615 1608 Ahmedes
643 1573 666 1606 f.
694 1573 769 1606 Alii
794 1573 921 1617 Jahjae
948 1573 985 1605 in
1011 1573 1136 1606 urbem
1163 1570 1543 1609 Schibamum-Hiwal‚
1570 1570 1630 1602 alii
1657 1570 1741 1602 alias
1770 1569 1808 1602 in
1837 1569 1941 1602 urbes

271 1641 334 1668 aut
350 1633 530 1677 regiones3
557 1633 607 1664 ita
625 1638 666 1664 ut
684 1633 741 1665 die
763 1632 809 1665 26
827 1632 1021 1676 Djomadae
1040 1632 1246 1677 posterioris
1278 1632 1328 1673 (a.
1348 1632 1380 1664 d.
1405 1631 1449 1664 15
1470 1630 1589 1673 Junii)
1623 1641 1695 1662 non
1711 1629 1944 1663 remanserint

274 1695 341 1732 ibi,
366 1693 437 1726 nisi
461 1692 532 1725 duo
560 1692 611 1724 illi
630 1692 808 1737 principes
836 1704 916 1725 cum
944 1692 1098 1724 militum
1125 1703 1232 1724 manu
1263 1691 1397 1735 exigua.
1446 1691 1620 1736 Religiose
1650 1696 1769 1723 autem
1793 1691 1830 1723 in
1850 1691 1943 1724 omni

272 1757 342 1791 hac
359 1766 396 1788 re
415 1753 523 1787 fidem
553 1742 708 1785 servavit
736 1752 890 1790 Pascha,
915 1752 1009 1797 quin
1031 1752 1144 1784 multo
1172 1752 1279 1784 etiam
1299 1751 1401 1796 plura
1428 1751 1466 1783 in
1486 1751 1706 1784 obsessorum
1727 1751 1942 1784 emolumen-

274 1824 350 1851 tum
370 1821 406 1848 et
427 1814 648 1848 commodum
670 1813 773 1851 fecit,
794 1825 902 1858 quam
920 1814 1013 1846 inter
1031 1813 1108 1845 illos
1127 1817 1233 1857 pacto
1246 1812 1480 1844 constitutum
1492 1810 1616 1844 fuerat.
1650 1811 1830 1856 Disposuit
1849 1811 1947 1843 enim>

273 1875 495 1921 manipulum
515 1875 670 1908 militum
691 1875 736 1907 ad
765 1874 902 1907 castelli
930 1878 1085 1918 portam,
1111 1872 1175 1917 qui
1203 1878 1361 1911 curaret,
1387 1884 1433 1905 ne
1462 1872 1648 1918 quisquam
1677 1872 1765 1905 illud
1795 1871 1943 1904 intraret

277 1938 347 1971 nisi
364 1938 467 1981 jussu
490 1946 552 1967 suo
581 1940 617 1967 et
636 1946 680 1967 ne
701 1935 889 1980 quisquam
916 1933 1138 1967 obsessorum
1158 1932 1390 1977 impediretur
1410 1933 1448 1965 in
1466 1932 1743 1977 transportandis
1763 1932 1863 1965 bonis
1884 1937 1950 1964 aut

274 1996 443 2031 uxoribus
452 1994 701 2041 parvulisque3
729 1995 879 2029 camelos
898 1999 1084 2040 praetcrea
1092 1992 1274 2027 Ibrahimo
1293 1993 1485 2031 concessit,
1511 1992 1575 2038 qui
1594 1991 1704 2037 ipsius
1722 1992 1815 2026 bona
1833 1997 1946 2025 trans-

1877 2051 1951 2085 fer-

328 2133 433 2193 '20⁴3-
597 2141 614 2165 b
630 2142 740 2190 Quas,
