2055 2865
911 169 1203 208 -62--t

228 271 369 310 relicta,
394 268 551 315 perrexit
570 265 724 314 primum
744 265 789 300 ad
815 264 974 312 Ajanum
991 272 1004 290 ⁸
1033 273 1070 302 et
1084 268 1282 314 paullulum
1306 268 1356 303 ibi
1377 275 1609 307 commoratus
1629 271 1673 307 ad
1693 270 1893 307 Ahmedem

227 334 371 381 propius
393 330 543 364 accessit
565 336 750 375 castraque
771 329 890 374 posuit
912 329 948 362 in
967 330 1046 364 loco
1067 329 1241 364 Ahmedis
1268 331 1391 365 castris
1410 333 1620 379 propinquo.
1670 334 1764 368 Hinc
1783 334 1895 368 omni-

227 397 292 430 bus
311 405 375 438 per
393 392 630 437 exploratores
650 391 742 424 bene
763 391 985 435 investigatis
1006 390 1156 425 Sinanus
1187 392 1331 426 minime
1362 404 1382 426 a
1411 392 1526 425 fronte
1547 394 1691 428 adortus
1711 402 1764 429 est
1783 396 1900 430 muni-

228 456 363 490 tissima
393 453 566 488 Ahmedis
596 458 726 490 castra,
757 452 811 484 uti
842 451 901 485 hie
931 457 1151 497 speraverat,
1187 453 1249 487 sed
1276 453 1451 487 Abdallae
1478 452 1500 486 f.
1531 452 1760 489 Mothahheri
1789 463 1898 502 atque

227 517 383 553 Ilafidho
403 519 440 549 et
458 514 575 549 Hadio
594 513 677 547 filiis
696 513 810 547 Nasiri
833 514 1038 558 imperavit,
1064 519 1106 547 ut
1126 525 1207 547 cum
1227 515 1364 559 agmine
1394 527 1436 548 ex
1464 515 1559 548 omni
1580 516 1738 550 exercitu
1766 516 1861 550 lecto
1880 528 1900 550 a

228 585 328 624 tergo
354 589 395 610 ea
424 577 692 621 impugnarent,
719 574 777 608 via
803 575 944 607 insolita
968 575 1044 612 usi,
1070 586 1163 620 quae
1191 587 1254 620 per
1281 576 1402 621 longas
1429 576 1592 621 ambages
1624 577 1774 611 Saadam
1793 577 1902 612 duce-

227 641 307 678 bat,
344 638 518 682 cujusque
545 636 826 670 obsti-notionem
857 641 893 668 et
920 635 1118 668 custodiam
1153 635 1292 670 hostem
1320 637 1514 682 neglexisse
1545 636 1589 669 ab
1618 637 1899 682 exploratoribus

227 704 415 745 acceperat
433 698 593 731 Sinanus.
618 694 623 698 ’
645 696 803 730 Profecti
821 707 903 739 ergo
924 701 1006 729 sunt
1036 696 1104 729 viri
1131 695 1269 730 laudati
1296 703 1407 730 noctu
1429 703 1465 731 et
1494 709 1574 731 cum
1605 710 1739 731 summa
1759 698 1903 732 festina-

229 762 325 796 tione
345 761 487 805 altoque
509 757 650 790 silentio
672 767 750 789 eam
770 756 884 789 secuti
906 762 988 789 sunt
1008 757 1121 795 viam,
1149 756 1238 789 adeo
1256 763 1298 790 ut
1318 757 1384 790 sub
1411 758 1529 791 lucem
1550 759 1594 791 ad
1616 756 1790 792 Ahmedis
1821 771 1896 792 cas-

230 827 286 856 tra
305 819 528 855 accesserint.
582 816 726 861 Trepidi
755 822 841 849 tunc
863 817 907 849 ad
937 814 1139 850 Ahmedem
1169 824 1400 851 accurrerunt
1430 818 1507 862 ejus
1533 819 1780 863 procubitores
1806 832 1899 854 nun-

228 883 357 917 tiantes
387 877 621 922 multiplicem
651 888 671 909 a
701 883 799 922 tergo
827 878 1020 911 adventare
1052 878 1220 911 hostem:
1257 889 1329 923 quo
1358 878 1486 911 nuntio
1520 879 1732 922 perterritus
1763 880 1898 914 Saadae

226 944 410 988 princeps3
447 939 600 973 credidit
630 944 749 971 autem
779 939 951 972 Sinanum
971 950 1051 971 cum
1079 940 1175 972 omni
1205 940 1365 973 exercitu
1393 938 1533 981 adesse3
1571 939 1786 973 contremuit
1818 945 1853 973 et
1880 953 1899 974 e

228 1003 351 1037 eastris
372 1001 461 1039 suis,
488 1012 598 1045 quae,
626 999 670 1032 ab
700 1000 760 1032 illa
778 1005 879 1044 parte
908 1011 981 1032 non
1005 1000 1162 1039 munita,
1189 1000 1337 1033 defendi
1364 1012 1436 1033 non
1463 1005 1630 1045 poterant
1646 1026 1654 1039 ‚
1690 1000 1837 1034 recessit
1857 1000 1901 1035 ad

230 1070 344 1098 castra
368 1061 488 1106 patrui
511 1061 565 1093 sui
595 1060 729 1093 Mahdii
756 1065 792 1092 et
822 1059 976 1092 filiorum
1005 1072 1148 1093 suorum
1178 1061 1297 1094 selahi
1322 1066 1357 1094 et
1386 1061 1657 1101 Mohammedis‚
1693 1074 1785 1108 quae
1814 1073 1902 1108 quo-

229 1123 415 1158 dammodo
436 1121 569 1155 Saadae
590 1125 691 1154 erant
710 1121 883 1165 propiora.
935 1120 994 1154 Ad
1010 1133 1048 1153 ea
1073 1126 1190 1154 tamen
1212 1122 1398 1166 pervenire
1418 1135 1490 1156 non
1519 1129 1678 1169 poterat,
1704 1123 1772 1156 nisi
1801 1122 1899 1168 prius

230 1197 313 1220 cum
331 1185 432 1217 hoste
466 1183 703 1216 conseruisset
730 1194 882 1227 eumque
911 1182 1096 1227 paululum
1122 1182 1370 1227 repressisset,
1407 1190 1624 1228 quapropter
1650 1184 1813 1229 protinus
1833 1196 1902 1228 pu·-

229 1257 333 1292 gnam
351 1244 509 1277 instituit
531 1255 611 1276 cum
630 1243 862 1276 tumultuario
884 1243 1093 1289 trepidoque
1110 1243 1222 1276 milite
1244 1243 1311 1276 sibi
1330 1242 1631 1277 infaustissimum.
1678 1244 1901 1289 Simulatque

230 1309 325 1343 enim
346 1306 390 1338 ad
410 1306 550 1337 hostem
570 1309 647 1337 erat
675 1309 888 1349 perventum
917 1304 1086 1349 sugerunt
1115 1304 1277 1350 equitum
1301 1304 1471 1349 plurimi,
1498 1306 1602 1339 initio
1633 1304 1737 1350 fugae
1765 1304 1860 1339 facto
1881 1317 1901 1338 a

226 1366 447 1416 principibus
474 1364 656 1409 Djofanis:
684 1376 837 1410 cumque
866 1365 974 1403 adeo,
1009 1366 1073 1411 qui
1101 1365 1330 1398 recedentem
1360 1365 1520 1409 peditem
1544 1371 1729 1411 protegere
1757 1366 1902 1400 debuis-

225 1436 323 1468 sent,
350 1427 490 1473 equites
509 1426 577 1471 ipsi
597 1425 702 1471 primi
719 1426 958 1471 aufugissent,
985 1427 1229 1472 nequidquam
1249 1427 1408 1471 peditem
1439 1426 1688 1460 tremefactum
1717 1427 1899 1462 Ahmedes

226 1490 322 1525 hosti
342 1488 518 1535 opposuit.
570 1486 657 1521 Cum
684 1488 808 1532 paucis
840 1494 960 1521 tamen
990 1488 1197 1521 cohortibus
1227 1487 1367 1521 fortiter
1394 1487 1428 1520 ei
1456 1487 1589 1520 restitit
1615 1487 1707 1532 ipse,
1743 1488 1857 1522 donec
1877 1500 1900 1523 a·

228 1551 438 1596 selopetario
476 1549 590 1582 milite
628 1558 816 1593 percussus
847 1549 892 1582 de
920 1549 1016 1582 mula
1054 1549 1204 1587 cecidit,
1240 1561 1311 1594 qua
1341 1549 1410 1582 hoc
1446 1548 1504 1581 die
1543 1548 1760 1583 vehebatur:
1796 1549 1902 1583 initio

228 1612 375 1659 quidem
391 1610 518 1654 proelii
538 1621 631 1654 equo
651 1610 811 1642 voluerat
831 1609 933 1647 vehi,
960 1620 1031 1653 quo
1058 1609 1186 1641 eximio
1213 1609 1250 1641 in
1278 1608 1423 1653 proeliis
1452 1609 1506 1641 uti
1537 1615 1790 1651 consueverat;
1819 1622 1899 1645 cum

226 1681 346 1708 tamen
363 1672 423 1705 hic
449 1681 566 1715 neque
590 1670 781 1702 adscensus
809 1669 910 1702 daret
941 1670 1095 1714 copiam,
1122 1681 1240 1714 neque
1260 1676 1295 1702 se·
1322 1668 1439 1701 ornari
1457 1674 1659 1713 pateretur,
1685 1670 1818 1703 mulam
1838 1671 1901 1705 ad-

227 1734 413 1769 scenderat
434 1730 638 1771 consestim3
665 1742 757 1776 quae
778 1731 923 1776 quidem
952 1740 1006 1764 res
1027 1730 1094 1775 ipsi
1120 1730 1305 1763 interitum
1333 1730 1492 1775 paravit,
1527 1740 1645 1774 neque
1675 1731 1718 1764 ad
1743 1742 1899 1777 pugnam

227 1806 345 1841 neque
363 1794 407 1827 ad
429 1793 548 1837 sugam
569 1791 695 1825 valido.
747 1791 854 1825 Juxta
882 1804 964 1825 eum
995 1791 1126 1825 cecidit
1156 1791 1233 1836 ejus
1262 1790 1433 1835 patruelis
1464 1790 1677 1823 Izzeddinus
1699 1791 1720 1824 f.
1741 1793 1900 1833 Mahdii,v

226 1855 469 1900 vii-egregius,
497 1865 538 1886 ex
557 1851 785 1885 nobilissimis
804 1853 1038 1898 Moajjeditis,
1060 1852 1194 1898 quique
1216 1851 1395 1885 eminebat
1414 1851 1508 1884 inter
1528 1863 1648 1884 omnes
1669 1852 1893 1898 integritate,

227 1917 311 1951 artis
341 1914 515 1961 equestris
542 1914 688 1958 peritia,
717 1913 851 1946 virtute
878 1917 915 1946 et
939 1914 1169 1947 strenuitate:
1197 1913 1351 1946 militum
1380 1924 1464 1946 vero
1493 1913 1606 1956 major
1634 1923 1714 1956 pars
1739 1914 1895 1952 interiit,

226 1979 357 2024 partim
384 1975 639 2022 pugnantium,
676 1975 805 2019 partim
834 1975 1065 2020 fugientium,
1098 1986 1250 2020 quorum
1284 1974 1442 2007 omnium
1473 1973 1589 2018 capita
1616 1973 1750 2017 pariter
1787 1979 1895 2020 atque

228 2038 404 2073 Ahmedis
438 2042 473 2069 et
500 2035 683 2069 Izzeddini
715 2041 798 2068 sunt
826 2042 978 2075 resecta,
1005 2048 1116 2082 quum
1142 2047 1238 2068 nunc
1258 2035 1405 2080 quidem
1430 2035 1519 2067 nulli
1546 2040 1753 2083 parceretur
1781 2035 1891 2080 capti-

229 2111 282 2134 vo.
334 2099 523 2133 Maximum
547 2097 657 2142 hujus
687 2097 798 2130 eladis
824 2097 971 2130 nuntius
1003 2097 1172 2131 excitavit
1200 2108 1368 2141 pavorem
1398 2096 1436 2129 in
1461 2096 1584 2129 castris
1606 2095 1741 2129 Mahdii
1760 2107 1800 2129 ac
1828 2097 1890 2130 Se-

229 2161 302 2194 lahi
331 2167 369 2194 et
397 2158 669 2197 Mohammedis‚
696 2158 785 2192 adeo
804 2164 846 2193 ut
874 2171 946 2193 non
975 2158 1258 2204 exspectaverint
1288 2157 1631 2203 adpropinquantem
1650 2156 1806 2195 hostem,
1833 2156 1894 2190 sed

1822 2223 1892 2254 Sta:
