<?xml version="1.0" encoding="UTF-8"?>
<!DOCTYPE html PUBLIC "-//W3C//DTD XHTML 1.0 Transitional//EN"
    "http://www.w3.org/TR/xhtml1/DTD/xhtml1-transitional.dtd">
<html xmlns="http://www.w3.org/1999/xhtml" xml:lang="en" lang="en">
 <head>
  <title>
</title>
<meta http-equiv="Content-Type" content="text/html;charset=utf-8" />
  <meta name='ocr-system' content='tesseract 3.04.00' />
  <meta name='ocr-capabilities' content='ocr_page ocr_carea ocr_par ocr_line ocrx_word'/>
</head>
<body>
  <div class='ocr_page' id='page_1' title='image "./historiajemanaes00ruamuoft/historiajemanaes00ruamuoft_0030.png"; bbox 0 0 2055 2865; ppageno 0'>
   <div class='ocr_carea' id='block_1_1' title="bbox 904 179 1198 213">
    <p class='ocr_par' dir='ltr' id='par_1_1' title="bbox 904 179 1198 213">
     <span class='ocr_line' id='line_1_1' title="bbox 904 179 1198 213; baseline 0 0"><span class='ocrx_word' id='word_1_1' title='bbox 904 179 1198 213; x_wconf 65' lang='grc' dir='ltr'><strong>-·-1·ἰ-··-;·</strong></span> 
     </span>
    </p>
   </div>
   <div class='ocr_carea' id='block_1_2' title="bbox 219 260 1898 2220">
    <p class='ocr_par' dir='ltr' id='par_1_2' title="bbox 219 260 1894 501">
     <span class='ocr_line' id='line_1_2' title="bbox 219 260 1894 327; baseline -0.002 -13"><span class='ocrx_word' id='word_1_2' title='bbox 219 278 449 327; x_wconf 51' lang='lat' dir='ltr'><strong>«proficientcs</strong></span> <span class='ocrx_word' id='word_1_3' title='bbox 466 301 474 315; x_wconf 91' lang='lat'>,</span> <span class='ocrx_word' id='word_1_4' title='bbox 508 284 617 322; x_wconf 85' lang='lat' dir='ltr'><strong>quam</strong></span> <span class='ocrx_word' id='word_1_5' title='bbox 645 274 849 318; x_wconf 75' lang='lat' dir='ltr'><strong>exspectare</strong></span> <span class='ocrx_word' id='word_1_6' title='bbox 876 271 1030 325; x_wconf 74' lang='lat' dir='ltr'><strong>liceret:</strong></span> <span class='ocrx_word' id='word_1_7' title='bbox 1075 261 1232 308; x_wconf 74' lang='lat' dir='ltr'><strong>&#39;reddidit</strong></span> <span class='ocrx_word' id='word_1_8' title='bbox 1268 260 1376 309; x_wconf 65' lang='lat' dir='ltr'><strong>enini*</strong></span> <span class='ocrx_word' id='word_1_9' title='bbox 1402 263 1535 324; x_wconf 77' lang='lat' dir='ltr'><strong>Ir&#39;namo</strong></span> <span class='ocrx_word' id='word_1_10' title='bbox 1573 265 1822 324; x_wconf 67' lang='lat' dir='ltr'><strong>Djahoura&#39;ffl2</strong></span> <span class='ocrx_word' id='word_1_11' title='bbox 1850 271 1894 312; x_wconf 73' lang='lat' dir='ltr'><strong>vef</strong></span> 
     </span>
     <span class='ocr_line' id='line_1_3' title="bbox 226 332 1894 385; baseline -0.001 -12"><span class='ocrx_word' id='word_1_12' title='bbox 226 338 446 374; x_wconf 77' lang='lat' dir='ltr'><strong>Dholeimam</strong></span> <span class='ocrx_word' id='word_1_13' title='bbox 469 334 483 358; x_wconf 67' lang='grc' dir='ltr'><strong>Ι)</strong></span> <span class='ocrx_word' id='word_1_14' title='bbox 497 362 506 375; x_wconf 87' lang='grc'>,</span> <span class='ocrx_word' id='word_1_15' title='bbox 529 333 659 380; x_wconf 86' lang='lat' dir='ltr'><strong>oppida</strong></span> <span class='ocrx_word' id='word_1_16' title='bbox 678 338 787 379; x_wconf 84' lang='lat' dir='ltr'><strong>prope</strong></span> <span class='ocrx_word' id='word_1_17' title='bbox 808 332 1038 368; x_wconf 84' lang='lat' dir='ltr'><strong>Ahnoumum</strong></span> <span class='ocrx_word' id='word_1_18' title='bbox 1059 333 1145 374; x_wconf 84' lang='lat' dir='ltr'><strong>sita,</strong></span> <span class='ocrx_word' id='word_1_19' title='bbox 1171 346 1262 381; x_wconf 84' lang='lat' dir='ltr'><strong>quae</strong></span> <span class='ocrx_word' id='word_1_20' title='bbox 1290 333 1396 381; x_wconf 85' lang='lat' dir='ltr'><strong>paulo</strong></span> <span class='ocrx_word' id='word_1_21' title='bbox 1417 342 1499 370; x_wconf 81' lang='lat' dir='ltr'><strong>ante</strong></span> <span class='ocrx_word' id='word_1_22' title='bbox 1521 338 1623 372; x_wconf 83' lang='lat' dir='ltr'><strong>annis</strong></span> <span class='ocrx_word' id='word_1_23' title='bbox 1644 345 1805 385; x_wconf 83' lang='lat' dir='ltr'><strong>ceperat3</strong></span> <span class='ocrx_word' id='word_1_24' title='bbox 1832 338 1894 373; x_wconf 86' lang='lat' dir='ltr'><strong>sed</strong></span> 
     </span>
     <span class='ocr_line' id='line_1_4' title="bbox 225 393 1891 444; baseline 0 -12"><span class='ocrx_word' id='word_1_25' title='bbox 225 397 431 444; x_wconf 80' lang='lat' dir='ltr'><strong>perterritus</strong></span> <span class='ocrx_word' id='word_1_26' title='bbox 453 394 635 428; x_wconf 83' lang='lat' dir='ltr'><strong>Izzeddini</strong></span> <span class='ocrx_word' id='word_1_27' title='bbox 663 393 792 426; x_wconf 80' lang='lat' dir='ltr'><strong>litteris</strong></span> <span class='ocrx_word' id='word_1_28' title='bbox 821 393 1029 432; x_wconf 74' lang='lat' dir='ltr'><strong>verebatur,</strong></span> <span class='ocrx_word' id='word_1_29' title='bbox 1054 405 1119 433; x_wconf 88' lang='lat' dir='ltr'><strong>ne,</strong></span> <span class='ocrx_word' id='word_1_30' title='bbox 1145 394 1175 428; x_wconf 88' lang='lat' dir='ltr'><strong>si</strong></span> <span class='ocrx_word' id='word_1_31' title='bbox 1203 393 1429 441; x_wconf 75' lang='lat' dir='ltr'><strong>copiassu&#39;as</strong></span> <span class='ocrx_word' id='word_1_32' title='bbox 1458 393 1618 431; x_wconf 80' lang='lat' dir='ltr'><strong>dividere</strong></span> <span class='ocrx_word' id='word_1_33' title='bbox 1638 398 1707 432; x_wconf 85' lang='lat' dir='ltr'><strong>sibi</strong></span> <span class='ocrx_word' id='word_1_34' title='bbox 1725 404 1818 433; x_wconf 86' lang='lat' dir='ltr'><strong>esset</strong></span> <span class='ocrx_word' id='word_1_35' title='bbox 1832 409 1891 432; x_wconf 79' lang='lat' dir='ltr'><strong>ne-</strong></span> 
     </span>
     <span class='ocr_line' id='line_1_5' title="bbox 226 453 1518 501; baseline -0.006 -8"><span class='ocrx_word' id='word_1_36' title='bbox 226 469 341 494; x_wconf 81' lang='lat' dir='ltr'><strong>cesse,</strong></span> <span class='ocrx_word' id='word_1_37' title='bbox 369 454 531 489; x_wconf 82' lang='lat' dir='ltr'><strong>omnibus</strong></span> <span class='ocrx_word' id='word_1_38' title='bbox 548 453 747 487; x_wconf 84' lang='lat' dir='ltr'><strong>resistendo</strong></span> <span class='ocrx_word' id='word_1_39' title='bbox 768 453 859 488; x_wconf 84' lang='lat' dir='ltr'><strong>foret</strong></span> <span class='ocrx_word' id='word_1_40' title='bbox 875 455 997 500; x_wconf 81' lang='lat' dir='ltr'>impar.</span> <span class='ocrx_word' id='word_1_41' title='bbox 1515 498 1518 501; x_wconf 14' lang='grc' dir='ltr'><em>Δ</em></span> 
     </span>
    </p>

    <p class='ocr_par' dir='ltr' id='par_1_3' title="bbox 224 513 1898 1158">
     <span class='ocr_line' id='line_1_6' title="bbox 271 513 1898 560; baseline -0.001 -9"><span class='ocrx_word' id='word_1_42' title='bbox 271 517 428 552; x_wconf 79' lang='lat' dir='ltr'>Concilio</span> <span class='ocrx_word' id='word_1_43' title='bbox 450 515 535 549; x_wconf 87' lang='lat' dir='ltr'><strong>dein</strong></span> <span class='ocrx_word' id='word_1_44' title='bbox 553 519 766 553; x_wconf 81' lang='lat' dir='ltr'><strong>convocato,</strong></span> <span class='ocrx_word' id='word_1_45' title='bbox 791 513 976 548; x_wconf 44' lang='lat' dir='ltr'><strong>&#39;Izzeddini</strong></span> <span class='ocrx_word' id='word_1_46' title='bbox 1003 513 1146 548; x_wconf 79' lang='lat' dir='ltr'>litterae</span> <span class='ocrx_word' id='word_1_47' title='bbox 1176 513 1276 548; x_wconf 80' lang='lat' dir='ltr'><strong>fuere</strong></span> <span class='ocrx_word' id='word_1_48' title='bbox 1304 513 1419 547; x_wconf 79' lang='lat' dir='ltr'><strong>lectae</strong></span> <span class='ocrx_word' id='word_1_49' title='bbox 1447 519 1483 548; x_wconf 87' lang='lat' dir='ltr'><strong>et</strong></span> <span class='ocrx_word' id='word_1_50' title='bbox 1511 514 1649 559; x_wconf 84' lang='lat' dir='ltr'><strong>legatus</strong></span> <span class='ocrx_word' id='word_1_51' title='bbox 1679 515 1773 549; x_wconf 90' lang='lat' dir='ltr'><strong>omni</strong></span> <span class='ocrx_word' id='word_1_52' title='bbox 1791 525 1898 560; x_wconf 85' lang='lat' dir='ltr'><strong>opera</strong></span> 
     </span>
     <span class='ocr_line' id='line_1_7' title="bbox 228 562 1893 620; baseline -0.002 -10"><span class='ocrx_word' id='word_1_53' title='bbox 228 583 374 611; x_wconf 72' lang='lat' dir='ltr'><strong>conatus</strong></span> <span class='ocrx_word' id='word_1_54' title='bbox 405 581 459 609; x_wconf 82' lang='lat' dir='ltr'><strong>est</strong></span> <span class='ocrx_word' id='word_1_55' title='bbox 489 575 534 609; x_wconf 82' lang='lat' dir='ltr'><strong>ad</strong></span> <span class='ocrx_word' id='word_1_56' title='bbox 560 584 685 620; x_wconf 84' lang='lat' dir='ltr'><strong>pacem</strong></span> <span class='ocrx_word' id='word_1_57' title='bbox 713 579 751 608; x_wconf 88' lang='lat' dir='ltr'><strong>et</strong></span> <span class='ocrx_word' id='word_1_58' title='bbox 781 573 964 608; x_wconf 88' lang='lat' dir='ltr'><strong>Izzeddini</strong></span> <span class='ocrx_word' id='word_1_59' title='bbox 994 573 1188 607; x_wconf 78' lang='lat' dir='ltr'>amicitiam</span> <span class='ocrx_word' id='word_1_60' title='bbox 1217 573 1347 607; x_wconf 68' lang='lat' dir='ltr'><strong>Alium⁴</strong></span> <span class='ocrx_word' id='word_1_61' title='bbox 1374 562 1515 618; x_wconf 76' lang='lat' dir='ltr'><strong>J&#39;ahjar&#39;n</strong></span> <span class='ocrx_word' id='word_1_62' title='bbox 1542 585 1767 619; x_wconf 84' lang='lat' dir='ltr'><strong>permovere,</strong></span> <span class='ocrx_word' id='word_1_63' title='bbox 1794 573 1893 619; x_wconf 80' lang='lat' dir='ltr'><strong>quod</strong></span> 
     </span>
     <span class='ocr_line' id='line_1_8' title="bbox 224 625 1897 679; baseline -0.002 -10"><span class='ocrx_word' id='word_1_64' title='bbox 224 641 355 671; x_wconf 80' lang='lat' dir='ltr'><strong>iterum</strong></span> <span class='ocrx_word' id='word_1_65' title='bbox 375 635 462 669; x_wconf 73' lang='lat' dir='ltr'><strong>feeit</strong></span> <span class='ocrx_word' id='word_1_66' title='bbox 481 634 624 672; x_wconf 83' lang='lat' dir='ltr'><strong>Tsolae‚</strong></span> <span class='ocrx_word' id='word_1_67' title='bbox 651 644 820 679; x_wconf 88' lang='lat' dir='ltr'>quorsum</span> <span class='ocrx_word' id='word_1_68' title='bbox 839 632 899 667; x_wconf 86' lang='lat' dir='ltr'><strong>die</strong></span> <span class='ocrx_word' id='word_1_69' title='bbox 919 633 1122 679; x_wconf 80' lang='lat' dir='ltr'><strong>insequenti</strong></span> <span class='ocrx_word' id='word_1_70' title='bbox 1144 632 1246 666; x_wconf 87' lang='lat' dir='ltr'><strong>simul</strong></span> <span class='ocrx_word' id='word_1_71' title='bbox 1267 637 1367 666; x_wconf 88' lang='lat' dir='ltr'><strong>erant</strong></span> <span class='ocrx_word' id='word_1_72' title='bbox 1388 633 1549 678; x_wconf 83' lang='lat' dir='ltr'><strong>profecti.</strong></span> <span class='ocrx_word' id='word_1_73' title='bbox 1599 633 1704 667; x_wconf 87' lang='lat' dir='ltr'><strong>Hunc</strong></span> <span class='ocrx_word' id='word_1_74' title='bbox 1724 625 1771 666; x_wconf 29' lang='lat' dir='ltr'><strong>in*</strong></span> <span class='ocrx_word' id='word_1_75' title='bbox 1787 633 1897 666; x_wconf 71' lang='lat' dir='ltr'><strong>finem</strong></span> 
     </span>
     <span class='ocr_line' id='line_1_9' title="bbox 225 691 1895 738; baseline -0.002 -10"><span class='ocrx_word' id='word_1_76' title='bbox 225 697 259 729; x_wconf 86' lang='lat' dir='ltr'><strong>ei</strong></span> <span class='ocrx_word' id='word_1_77' title='bbox 280 696 317 729; x_wconf 91' lang='lat' dir='ltr'><strong>in</strong></span> <span class='ocrx_word' id='word_1_78' title='bbox 335 696 492 728; x_wconf 78' lang='lat' dir='ltr'><strong>animum</strong></span> <span class='ocrx_word' id='word_1_79' title='bbox 510 695 693 728; x_wconf 83' lang='lat' dir='ltr'><strong>revocavit</strong></span> <span class='ocrx_word' id='word_1_80' title='bbox 708 703 821 726; x_wconf 84' lang='lat' dir='ltr'><strong>unum</strong></span> <span class='ocrx_word' id='word_1_81' title='bbox 842 693 1074 726; x_wconf 78' lang='lat' dir='ltr'><strong>Izz‘eddinum</strong></span> <span class='ocrx_word' id='word_1_82' title='bbox 1092 696 1172 736; x_wconf 86' lang='lat' dir='ltr'><strong>post</strong></span> <span class='ocrx_word' id='word_1_83' title='bbox 1191 691 1329 726; x_wconf 88' lang='lat' dir='ltr'><strong>obitum</strong></span> <span class='ocrx_word' id='word_1_84' title='bbox 1345 694 1438 727; x_wconf 86' lang='lat' dir='ltr'><strong>illius</strong></span> <span class='ocrx_word' id='word_1_85' title='bbox 1458 694 1568 738; x_wconf 78' lang='lat' dir='ltr'><strong>patris</strong></span> <span class='ocrx_word' id='word_1_86' title='bbox 1587 693 1713 726; x_wconf 75' lang='lat' dir='ltr'><strong>Imami</strong></span> <span class='ocrx_word' id='word_1_87' title='bbox 1733 693 1895 726; x_wconf 82' lang='lat' dir='ltr'><strong>Mothah-</strong></span> 
     </span>
     <span class='ocr_line' id='line_1_10' title="bbox 225 750 1894 798; baseline -0.003 -9"><span class='ocrx_word' id='word_1_88' title='bbox 225 756 303 789; x_wconf 74' lang='lat' dir='ltr'><strong>heri</strong></span> <span class='ocrx_word' id='word_1_89' title='bbox 325 767 406 788; x_wconf 86' lang='lat' dir='ltr'><strong>cum</strong></span> <span class='ocrx_word' id='word_1_90' title='bbox 423 755 482 788; x_wconf 87' lang='lat' dir='ltr'><strong>illo</strong></span> <span class='ocrx_word' id='word_1_91' title='bbox 501 754 640 788; x_wconf 86' lang='lat' dir='ltr'><strong>stetisse</strong></span> <span class='ocrx_word' id='word_1_92' title='bbox 660 753 827 798; x_wconf 73' lang='lat' dir='ltr'><strong>illiusque</strong></span> <span class='ocrx_word' id='word_1_93' title='bbox 845 752 1007 797; x_wconf 88' lang='lat' dir='ltr'><strong>partibus</strong></span> <span class='ocrx_word' id='word_1_94' title='bbox 1037 751 1184 784; x_wconf 76' lang='lat' dir='ltr'><strong>favisse:</strong></span> <span class='ocrx_word' id='word_1_95' title='bbox 1212 753 1518 792; x_wconf 84' lang='lat' dir='ltr'><strong>commemoravit,</strong></span> <span class='ocrx_word' id='word_1_96' title='bbox 1544 750 1614 798; x_wconf 85' lang='lat' dir='ltr'><strong>qua</strong></span> <span class='ocrx_word' id='word_1_97' title='bbox 1641 753 1711 786; x_wconf 76' lang='lat' dir='ltr'><strong>fide</strong></span> <span class='ocrx_word' id='word_1_98' title='bbox 1742 759 1777 785; x_wconf 83' lang='lat' dir='ltr'><strong>et</strong></span> <span class='ocrx_word' id='word_1_99' title='bbox 1808 755 1894 785; x_wconf 77' lang='lat' dir='ltr'><strong>inte-</strong></span> 
     </span>
     <span class='ocr_line' id='line_1_11' title="bbox 226 812 1896 859; baseline -0.002 -11"><span class='ocrx_word' id='word_1_100' title='bbox 226 817 354 859; x_wconf 63' lang='lat' dir='ltr'><strong>gritate</strong></span> <span class='ocrx_word' id='word_1_101' title='bbox 384 815 444 847; x_wconf 85' lang='lat' dir='ltr'><strong>hic</strong></span> <span class='ocrx_word' id='word_1_102' title='bbox 470 825 608 858; x_wconf 83' lang='lat' dir='ltr'><strong>semper</strong></span> <span class='ocrx_word' id='word_1_103' title='bbox 637 823 719 856; x_wconf 83' lang='lat' dir='ltr'><strong>erga</strong></span> <span class='ocrx_word' id='word_1_104' title='bbox 747 823 829 845; x_wconf 87' lang='lat' dir='ltr'><strong>eum</strong></span> <span class='ocrx_word' id='word_1_105' title='bbox 857 817 895 845; x_wconf 82' lang='lat' dir='ltr'><strong>et</strong></span> <span class='ocrx_word' id='word_1_106' title='bbox 930 822 1013 845; x_wconf 85' lang='lat' dir='ltr'><strong>vero</strong></span> <span class='ocrx_word' id='word_1_107' title='bbox 1049 823 1169 844; x_wconf 85' lang='lat' dir='ltr'><strong>omnes</strong></span> <span class='ocrx_word' id='word_1_108' title='bbox 1205 816 1298 844; x_wconf 79' lang='lat' dir='ltr'><strong>esset</strong></span> <span class='ocrx_word' id='word_1_109' title='bbox 1323 822 1406 844; x_wconf 84' lang='lat' dir='ltr'><strong>usus</strong></span> <span class='ocrx_word' id='word_1_110' title='bbox 1433 817 1470 844; x_wconf 83' lang='lat' dir='ltr'><strong>et</strong></span> <span class='ocrx_word' id='word_1_111' title='bbox 1498 812 1623 857; x_wconf 85' lang='lat' dir='ltr'><strong>quanti</strong></span> <span class='ocrx_word' id='word_1_112' title='bbox 1661 813 1800 846; x_wconf 82' lang='lat' dir='ltr'><strong>intersit</strong></span> <span class='ocrx_word' id='word_1_113' title='bbox 1831 814 1896 845; x_wconf 73' lang='lat' dir='ltr'><strong>viri</strong></span> 
     </span>
     <span class='ocr_line' id='line_1_12' title="bbox 226 870 1892 919; baseline -0.002 -10"><span class='ocrx_word' id='word_1_114' title='bbox 226 877 304 919; x_wconf 74' lang='lat' dir='ltr'><strong>ejus</strong></span> <span class='ocrx_word' id='word_1_115' title='bbox 327 873 522 908; x_wconf 79' lang='lat' dir='ltr'><strong>¹amicitiam</strong></span> <span class='ocrx_word' id='word_1_116' title='bbox 540 873 676 910; x_wconf 83' lang='lat' dir='ltr'><strong>colere,</strong></span> <span class='ocrx_word' id='word_1_117' title='bbox 701 870 766 916; x_wconf 87' lang='lat' dir='ltr'><strong>qui</strong></span> <span class='ocrx_word' id='word_1_118' title='bbox 793 881 976 916; x_wconf 80' lang='lat' dir='ltr'><strong>nunquam</strong></span> <span class='ocrx_word' id='word_1_119' title='bbox 1005 871 1159 903; x_wconf 86' lang='lat' dir='ltr'><strong>amicum</strong></span> <span class='ocrx_word' id='word_1_120' title='bbox 1187 870 1411 904; x_wconf 82' lang='lat' dir='ltr'><strong>deseruerat:</strong></span> <span class='ocrx_word' id='word_1_121' title='bbox 1439 871 1569 914; x_wconf 87' lang='lat' dir='ltr'><strong>quibus</strong></span> <span class='ocrx_word' id='word_1_122' title='bbox 1594 873 1648 904; x_wconf 79' lang='lat' dir='ltr'><strong>uti</strong></span> <span class='ocrx_word' id='word_1_123' title='bbox 1674 877 1711 905; x_wconf 86' lang='lat' dir='ltr'><strong>et</strong></span> <span class='ocrx_word' id='word_1_124' title='bbox 1741 874 1817 905; x_wconf 84' lang='lat' dir='ltr'><strong>aliis</strong></span> <span class='ocrx_word' id='word_1_125' title='bbox 1838 886 1892 905; x_wconf 85' lang='lat' dir='ltr'><strong>ar-</strong></span> 
     </span>
     <span class='ocr_line' id='line_1_13' title="bbox 225 923 1892 977; baseline -0.002 -10"><span class='ocrx_word' id='word_1_126' title='bbox 225 934 400 977; x_wconf 52' lang='lat' dir='ltr'><strong>gamm-ntis</strong></span> <span class='ocrx_word' id='word_1_127' title='bbox 427 932 549 966; x_wconf 85' lang='lat' dir='ltr'><strong>Alium</strong></span> <span class='ocrx_word' id='word_1_128' title='bbox 576 930 719 976; x_wconf 80' lang='lat' dir='ltr'><strong>Jahjam</strong></span> <span class='ocrx_word' id='word_1_129' title='bbox 744 940 786 964; x_wconf 90' lang='lat' dir='ltr'><strong>eo</strong></span> <span class='ocrx_word' id='word_1_130' title='bbox 815 929 962 974; x_wconf 83' lang='lat' dir='ltr'><strong>adegit,</strong></span> <span class='ocrx_word' id='word_1_131' title='bbox 994 936 1036 965; x_wconf 82' lang='lat' dir='ltr'><strong>ut</strong></span> <span class='ocrx_word' id='word_1_132' title='bbox 1064 942 1100 964; x_wconf 89' lang='lat' dir='ltr'><strong>se</strong></span> <span class='ocrx_word' id='word_1_133' title='bbox 1129 923 1280 975; x_wconf 81' lang='lat' dir='ltr'><strong>pronum</strong></span> <span class='ocrx_word' id='word_1_134' title='bbox 1315 928 1512 963; x_wconf 87' lang='lat' dir='ltr'><strong>ostenderit</strong></span> <span class='ocrx_word' id='word_1_135' title='bbox 1541 930 1621 974; x_wconf 86' lang='lat' dir='ltr'><strong>paci</strong></span> <span class='ocrx_word' id='word_1_136' title='bbox 1658 935 1695 963; x_wconf 89' lang='lat' dir='ltr'><strong>et</strong></span> <span class='ocrx_word' id='word_1_137' title='bbox 1730 932 1892 965; x_wconf 79' lang='lat' dir='ltr'><strong>societati</strong></span> 
     </span>
     <span class='ocr_line' id='line_1_14' title="bbox 225 988 1891 1035; baseline -0.002 -9"><span class='ocrx_word' id='word_1_138' title='bbox 225 1001 258 1027; x_wconf 74' lang='lat' dir='ltr'><strong>ct</strong></span> <span class='ocrx_word' id='word_1_139' title='bbox 292 994 387 1026; x_wconf 89' lang='lat' dir='ltr'><strong>hunc</strong></span> <span class='ocrx_word' id='word_1_140' title='bbox 415 992 452 1025; x_wconf 88' lang='lat' dir='ltr'><strong>in</strong></span> <span class='ocrx_word' id='word_1_141' title='bbox 485 991 631 1025; x_wconf 86' lang='lat' dir='ltr'><strong>modum</strong></span> <span class='ocrx_word' id='word_1_142' title='bbox 653 990 801 1034; x_wconf 85' lang='lat' dir='ltr'><strong>jusserit</strong></span> <span class='ocrx_word' id='word_1_143' title='bbox 837 989 1023 1034; x_wconf 88' lang='lat' dir='ltr'><strong>epistolam</strong></span> <span class='ocrx_word' id='word_1_144' title='bbox 1053 994 1265 1035; x_wconf 78' lang='lat' dir='ltr'><strong>componere</strong></span> <span class='ocrx_word' id='word_1_145' title='bbox 1301 990 1346 1024; x_wconf 86' lang='lat' dir='ltr'><strong>ad</strong></span> <span class='ocrx_word' id='word_1_146' title='bbox 1373 988 1634 1024; x_wconf 79' lang='lat' dir='ltr'><strong>Izzeddinum:</strong></span> <span class='ocrx_word' id='word_1_147' title='bbox 1667 1000 1740 1034; x_wconf 86' lang='lat' dir='ltr'><strong>quo</strong></span> <span class='ocrx_word' id='word_1_148' title='bbox 1765 1001 1891 1034; x_wconf 85' lang='lat' dir='ltr'><strong>accep-</strong></span> 
     </span>
     <span class='ocr_line' id='line_1_15' title="bbox 229 1048 1893 1095; baseline -0.003 -8"><span class='ocrx_word' id='word_1_149' title='bbox 229 1062 262 1087; x_wconf 75' lang='lat' dir='ltr'><strong>to</strong></span> <span class='ocrx_word' id='word_1_150' title='bbox 301 1054 451 1087; x_wconf 81' lang='lat' dir='ltr'><strong>Amerus</strong></span> <span class='ocrx_word' id='word_1_151' title='bbox 481 1062 563 1086; x_wconf 82' lang='lat' dir='ltr'><strong>eum</strong></span> <span class='ocrx_word' id='word_1_152' title='bbox 584 1050 773 1085; x_wconf 85' lang='lat' dir='ltr'><strong>comitatus</strong></span> <span class='ocrx_word' id='word_1_153' title='bbox 797 1054 868 1087; x_wconf 87' lang='lat' dir='ltr'><strong>est,</strong></span> <span class='ocrx_word' id='word_1_154' title='bbox 894 1054 1086 1095; x_wconf 70' lang='lat' dir='ltr'><strong>antequam</strong></span> <span class='ocrx_word' id='word_1_155' title='bbox 1114 1048 1262 1085; x_wconf 85' lang='lat' dir='ltr'><strong>redierit</strong></span> <span class='ocrx_word' id='word_1_156' title='bbox 1287 1049 1558 1088; x_wconf 86' lang='lat' dir='ltr'><strong>Caueabanum‚</strong></span> <span class='ocrx_word' id='word_1_157' title='bbox 1585 1061 1707 1084; x_wconf 81' lang='lat' dir='ltr'><strong>versus</strong></span> <span class='ocrx_word' id='word_1_158' title='bbox 1735 1055 1893 1084; x_wconf 83' lang='lat' dir='ltr'><strong>montem</strong></span> 
     </span>
     <span class='ocr_line' id='line_1_16' title="bbox 225 1112 468 1158; baseline -0.016 -10"><span class='ocrx_word' id='word_1_159' title='bbox 225 1114 309 1158; x_wconf 82' lang='lat' dir='ltr'><strong>Ajal</strong></span> <span class='ocrx_word' id='word_1_160' title='bbox 327 1112 427 1147; x_wconf 82' lang='lat' dir='ltr'><strong>Jezid</strong></span> <span class='ocrx_word' id='word_1_161' title='bbox 445 1117 468 1144; x_wconf 49' lang='lat' dir='ltr'><strong>c·</strong></span> 
     </span>
    </p>

    <p class='ocr_par' dir='ltr' id='par_1_4' title="bbox 222 1164 1894 2174">
     <span class='ocr_line' id='line_1_17' title="bbox 274 1164 1891 1214; baseline -0.002 -6"><span class='ocrx_word' id='word_1_162' title='bbox 274 1173 408 1208; x_wconf 87' lang='lat' dir='ltr'><strong>Eodem</strong></span> <span class='ocrx_word' id='word_1_163' title='bbox 425 1182 507 1205; x_wconf 80' lang='lat' dir='ltr'><strong>vero</strong></span> <span class='ocrx_word' id='word_1_164' title='bbox 528 1170 586 1204; x_wconf 87' lang='lat' dir='ltr'><strong>die</strong></span> <span class='ocrx_word' id='word_1_165' title='bbox 607 1168 844 1204; x_wconf 83' lang='lat' dir='ltr'><strong>Mohammedi</strong></span> <span class='ocrx_word' id='word_1_166' title='bbox 864 1168 886 1204; x_wconf 87' lang='lat' dir='ltr'><strong>f.</strong></span> <span class='ocrx_word' id='word_1_167' title='bbox 907 1168 1022 1203; x_wconf 86' lang='lat' dir='ltr'><strong>Nasiri</strong></span> <span class='ocrx_word' id='word_1_168' title='bbox 1051 1168 1252 1214; x_wconf 83' lang='lat' dir='ltr'><strong>respondit,</strong></span> <span class='ocrx_word' id='word_1_169' title='bbox 1280 1181 1316 1204; x_wconf 89' lang='lat' dir='ltr'><strong>se</strong></span> <span class='ocrx_word' id='word_1_170' title='bbox 1345 1181 1428 1204; x_wconf 88' lang='lat' dir='ltr'><strong>cum</strong></span> <span class='ocrx_word' id='word_1_171' title='bbox 1457 1170 1518 1204; x_wconf 88' lang='lat' dir='ltr'><strong>illo</strong></span> <span class='ocrx_word' id='word_1_172' title='bbox 1537 1164 1628 1204; x_wconf 87' lang='lat' dir='ltr'><strong>velle</strong></span> <span class='ocrx_word' id='word_1_173' title='bbox 1649 1168 1822 1214; x_wconf 80' lang='lat' dir='ltr'><strong>colloqui,</strong></span> <span class='ocrx_word' id='word_1_174' title='bbox 1849 1176 1891 1204; x_wconf 88' lang='lat' dir='ltr'><strong>ut</strong></span> 
     </span>
     <span class='ocr_line' id='line_1_18' title="bbox 224 1229 1894 1279; baseline -0.002 -11"><span class='ocrx_word' id='word_1_175' title='bbox 224 1238 253 1268; x_wconf 62' lang='lat' dir='ltr'><strong>is</strong></span> <span class='ocrx_word' id='word_1_176' title='bbox 275 1236 527 1279; x_wconf 74' lang='lat' dir='ltr'><strong>proposuerat,</strong></span> <span class='ocrx_word' id='word_1_177' title='bbox 552 1231 669 1265; x_wconf 87' lang='lat' dir='ltr'><strong>Daani</strong></span> <span class='ocrx_word' id='word_1_178' title='bbox 687 1230 704 1253; x_wconf 73' lang='lat' dir='ltr'>d</span> <span class='ocrx_word' id='word_1_179' title='bbox 730 1231 768 1265; x_wconf 92' lang='lat' dir='ltr'><strong>in</strong></span> <span class='ocrx_word' id='word_1_180' title='bbox 787 1230 896 1264; x_wconf 88' lang='lat' dir='ltr'><strong>urbe:</strong></span> <span class='ocrx_word' id='word_1_181' title='bbox 922 1229 1019 1275; x_wconf 84' lang='lat' dir='ltr'><strong>quod</strong></span> <span class='ocrx_word' id='word_1_182' title='bbox 1049 1240 1129 1263; x_wconf 88' lang='lat' dir='ltr'><strong>cum</strong></span> <span class='ocrx_word' id='word_1_183' title='bbox 1150 1229 1280 1264; x_wconf 84' lang='lat' dir='ltr'><strong>Amero</strong></span> <span class='ocrx_word' id='word_1_184' title='bbox 1310 1231 1468 1265; x_wconf 88' lang='lat' dir='ltr'><strong>nondum</strong></span> <span class='ocrx_word' id='word_1_185' title='bbox 1498 1230 1638 1264; x_wconf 83' lang='lat' dir='ltr'><strong>absenti</strong></span> <span class='ocrx_word' id='word_1_186' title='bbox 1658 1230 1894 1270; x_wconf 87' lang='lat' dir='ltr'><strong>innotuisset,</strong></span> 
     </span>
     <span class='ocr_line' id='line_1_19' title="bbox 226 1285 1893 1335; baseline -0.002 -7"><span class='ocrx_word' id='word_1_187' title='bbox 226 1307 296 1328; x_wconf 76' lang='lat' dir='ltr'><strong>uon</strong></span> <span class='ocrx_word' id='word_1_188' title='bbox 325 1293 433 1327; x_wconf 84' lang='lat' dir='ltr'><strong>desiit</strong></span> <span class='ocrx_word' id='word_1_189' title='bbox 462 1300 544 1325; x_wconf 85' lang='lat' dir='ltr'><strong>eum</strong></span> <span class='ocrx_word' id='word_1_190' title='bbox 571 1301 716 1324; x_wconf 84' lang='lat' dir='ltr'><strong>monere</strong></span> <span class='ocrx_word' id='word_1_191' title='bbox 745 1295 783 1324; x_wconf 82' lang='lat' dir='ltr'><strong>et</strong></span> <span class='ocrx_word' id='word_1_192' title='bbox 812 1289 966 1328; x_wconf 84' lang='lat' dir='ltr'><strong>hortari,</strong></span> <span class='ocrx_word' id='word_1_193' title='bbox 1001 1300 1048 1322; x_wconf 86' lang='lat' dir='ltr'><strong>ne</strong></span> <span class='ocrx_word' id='word_1_194' title='bbox 1076 1288 1165 1323; x_wconf 88' lang='lat' dir='ltr'><strong>illud</strong></span> <span class='ocrx_word' id='word_1_195' title='bbox 1195 1285 1339 1325; x_wconf 79' lang='lat' dir='ltr'><strong>faceret.</strong></span> <span class='ocrx_word' id='word_1_196' title='bbox 1388 1290 1559 1335; x_wconf 83' lang='lat' dir='ltr'><strong>Sequel-as</strong></span> <span class='ocrx_word' id='word_1_197' title='bbox 1578 1289 1674 1322; x_wconf 86' lang='lat' dir='ltr'><strong>illius</strong></span> <span class='ocrx_word' id='word_1_198' title='bbox 1693 1295 1893 1324; x_wconf 82' lang='lat' dir='ltr'><strong>conventus</strong></span> 
     </span>
     <span class='ocr_line' id='line_1_20' title="bbox 225 1348 1891 1400; baseline -0.002 -12"><span class='ocrx_word' id='word_1_199' title='bbox 225 1354 425 1400; x_wconf 70' lang='lat' dir='ltr'><strong>piohabiles</strong></span> <span class='ocrx_word' id='word_1_200' title='bbox 447 1351 499 1383; x_wconf 86' lang='lat' dir='ltr'><strong>illi</strong></span> <span class='ocrx_word' id='word_1_201' title='bbox 519 1349 725 1395; x_wconf 80' lang='lat' dir='ltr'><strong>proposuit,</strong></span> <span class='ocrx_word' id='word_1_202' title='bbox 750 1349 908 1383; x_wconf 84' lang='lat' dir='ltr'><strong>animum</strong></span> <span class='ocrx_word' id='word_1_203' title='bbox 928 1348 1181 1382; x_wconf 84' lang='lat' dir='ltr'><strong>Mohammedis</strong></span> <span class='ocrx_word' id='word_1_204' title='bbox 1203 1349 1363 1384; x_wconf 77' lang='lat' dir='ltr'><strong>fallacem</strong></span> <span class='ocrx_word' id='word_1_205' title='bbox 1390 1354 1426 1383; x_wconf 83' lang='lat' dir='ltr'><strong>et</strong></span> <span class='ocrx_word' id='word_1_206' title='bbox 1448 1349 1661 1386; x_wconf 82' lang='lat' dir='ltr'><strong>versutiam,</strong></span> <span class='ocrx_word' id='word_1_207' title='bbox 1687 1360 1795 1394; x_wconf 87' lang='lat' dir='ltr'><strong>quam</strong></span> <span class='ocrx_word' id='word_1_208' title='bbox 1814 1348 1891 1394; x_wconf 84' lang='lat' dir='ltr'><strong>ipse</strong></span> 
     </span>
     <span class='ocr_line' id='line_1_21' title="bbox 226 1409 1891 1455; baseline -0.002 -7"><span class='ocrx_word' id='word_1_209' title='bbox 226 1416 328 1448; x_wconf 72' lang='lat' dir='ltr'><strong>Alius</strong></span> <span class='ocrx_word' id='word_1_210' title='bbox 345 1411 450 1455; x_wconf 74' lang='lat' dir='ltr'><strong>Jahja</strong></span> <span class='ocrx_word' id='word_1_211' title='bbox 470 1410 555 1443; x_wconf 87' lang='lat' dir='ltr'><strong>olim</strong></span> <span class='ocrx_word' id='word_1_212' title='bbox 572 1414 739 1453; x_wconf 82' lang='lat' dir='ltr'><strong>expertus</strong></span> <span class='ocrx_word' id='word_1_213' title='bbox 759 1414 854 1446; x_wconf 89' lang='lat' dir='ltr'><strong>erat,</strong></span> <span class='ocrx_word' id='word_1_214' title='bbox 881 1409 1059 1453; x_wconf 86' lang='lat' dir='ltr'><strong>cujusque</strong></span> <span class='ocrx_word' id='word_1_215' title='bbox 1079 1414 1322 1442; x_wconf 79' lang='lat' dir='ltr'><strong>omneserant</strong></span> <span class='ocrx_word' id='word_1_216' title='bbox 1350 1414 1459 1444; x_wconf 85' lang='lat' dir='ltr'><strong>testes</strong></span> <span class='ocrx_word' id='word_1_217' title='bbox 1486 1410 1551 1455; x_wconf 87' lang='lat' dir='ltr'><strong>qui</strong></span> <span class='ocrx_word' id='word_1_218' title='bbox 1579 1410 1664 1443; x_wconf 88' lang='lat' dir='ltr'><strong>olim</strong></span> <span class='ocrx_word' id='word_1_219' title='bbox 1682 1416 1745 1444; x_wconf 88' lang='lat' dir='ltr'><strong>aut</strong></span> <span class='ocrx_word' id='word_1_220' title='bbox 1772 1410 1891 1455; x_wconf 81' lang='lat' dir='ltr'><strong>proxi·</strong></span> 
     </span>
     <span class='ocr_line' id='line_1_22' title="bbox 224 1467 1890 1516; baseline -0.003 -8"><span class='ocrx_word' id='word_1_221' title='bbox 224 1477 289 1508; x_wconf 85' lang='lat' dir='ltr'><strong>mis</strong></span> <span class='ocrx_word' id='word_1_222' title='bbox 313 1469 529 1516; x_wconf 78' lang='lat' dir='ltr'><strong>temporibus</strong></span> <span class='ocrx_word' id='word_1_223' title='bbox 559 1469 593 1502; x_wconf 84' lang='lat' dir='ltr'><strong>ei</strong></span> <span class='ocrx_word' id='word_1_224' title='bbox 622 1479 659 1502; x_wconf 87' lang='lat' dir='ltr'><strong>se</strong></span> <span class='ocrx_word' id='word_1_225' title='bbox 678 1467 969 1505; x_wconf 84' lang='lat' dir='ltr'><strong>adsociaverant‚</strong></span> <span class='ocrx_word' id='word_1_226' title='bbox 1005 1468 1155 1512; x_wconf 78' lang='lat' dir='ltr'><strong>ejusque</strong></span> <span class='ocrx_word' id='word_1_227' title='bbox 1184 1467 1372 1513; x_wconf 86' lang='lat' dir='ltr'><strong>perfidiam</strong></span> <span class='ocrx_word' id='word_1_228' title='bbox 1401 1468 1607 1512; x_wconf 82' lang='lat' dir='ltr'><strong>sacrilegam</strong></span> <span class='ocrx_word' id='word_1_229' title='bbox 1635 1470 1797 1503; x_wconf 84' lang='lat' dir='ltr'><strong>omnibus</strong></span> <span class='ocrx_word' id='word_1_230' title='bbox 1826 1482 1890 1503; x_wconf 90' lang='lat' dir='ltr'><strong>no-</strong></span> 
     </span>
     <span class='ocr_line' id='line_1_23' title="bbox 226 1526 1890 1576; baseline -0.004 -7"><span class='ocrx_word' id='word_1_231' title='bbox 226 1545 297 1569; x_wconf 77' lang='lat' dir='ltr'><strong>tam</strong></span> <span class='ocrx_word' id='word_1_232' title='bbox 324 1530 508 1576; x_wconf 77' lang='lat' dir='ltr'><strong>allegavit3</strong></span> <span class='ocrx_word' id='word_1_233' title='bbox 535 1539 604 1562; x_wconf 86' lang='lat' dir='ltr'><strong>nec</strong></span> <span class='ocrx_word' id='word_1_234' title='bbox 634 1532 754 1560; x_wconf 85' lang='lat' dir='ltr'><strong>tamen</strong></span> <span class='ocrx_word' id='word_1_235' title='bbox 782 1527 955 1572; x_wconf 82' lang='lat' dir='ltr'><strong>impedire</strong></span> <span class='ocrx_word' id='word_1_236' title='bbox 985 1527 1123 1572; x_wconf 83' lang='lat' dir='ltr'><strong>potuit,</strong></span> <span class='ocrx_word' id='word_1_237' title='bbox 1149 1538 1220 1571; x_wconf 86' lang='lat' dir='ltr'><strong>quo</strong></span> <span class='ocrx_word' id='word_1_238' title='bbox 1250 1526 1368 1560; x_wconf 87' lang='lat' dir='ltr'><strong>minus</strong></span> <span class='ocrx_word' id='word_1_239' title='bbox 1399 1526 1616 1571; x_wconf 83' lang='lat' dir='ltr'><strong>colloquium</strong></span> <span class='ocrx_word' id='word_1_240' title='bbox 1645 1528 1733 1562; x_wconf 84' lang='lat' dir='ltr'><strong>illud</strong></span> <span class='ocrx_word' id='word_1_241' title='bbox 1763 1540 1890 1564; x_wconf 84' lang='lat' dir='ltr'><strong>concu-</strong></span> 
     </span>
     <span class='ocr_line' id='line_1_24' title="bbox 223 1585 1887 1641; baseline -0.003 -14"><span class='ocrx_word' id='word_1_242' title='bbox 223 1595 354 1641; x_wconf 77' lang='lat' dir='ltr'><strong>piverit</strong></span> <span class='ocrx_word' id='word_1_243' title='bbox 371 1598 408 1624; x_wconf 83' lang='lat' dir='ltr'><strong>et</strong></span> <span class='ocrx_word' id='word_1_244' title='bbox 426 1588 550 1623; x_wconf 79' lang='lat' dir='ltr'><strong>inierit.</strong></span> <span class='ocrx_word' id='word_1_245' title='bbox 572 1587 675 1620; x_wconf 87' lang='lat' dir='ltr'><strong>Alius</strong></span> <span class='ocrx_word' id='word_1_246' title='bbox 690 1586 805 1629; x_wconf 83' lang='lat' dir='ltr'><strong>Jahja.</strong></span> <span class='ocrx_word' id='word_1_247' title='bbox 857 1586 904 1619; x_wconf 87' lang='lat' dir='ltr'><strong>Ut</strong></span> <span class='ocrx_word' id='word_1_248' title='bbox 922 1597 1005 1629; x_wconf 87' lang='lat' dir='ltr'><strong>ergo</strong></span> <span class='ocrx_word' id='word_1_249' title='bbox 1026 1587 1085 1619; x_wconf 72' lang='lat' dir='ltr'><strong>me</strong></span> <span class='ocrx_word' id='word_1_250' title='bbox 1105 1587 1267 1619; x_wconf 82' lang='lat' dir='ltr'><strong>Daanum</strong></span> <span class='ocrx_word' id='word_1_251' title='bbox 1296 1586 1341 1618; x_wconf 85' lang='lat' dir='ltr'><strong>ad</strong></span> <span class='ocrx_word' id='word_1_252' title='bbox 1360 1585 1642 1618; x_wconf 85' lang='lat' dir='ltr'><strong>Mohammedem</strong></span> <span class='ocrx_word' id='word_1_253' title='bbox 1665 1587 1686 1620; x_wconf 84' lang='lat' dir='ltr'><strong>f.</strong></span> <span class='ocrx_word' id='word_1_254' title='bbox 1708 1589 1823 1621; x_wconf 75' lang='lat' dir='ltr'><strong>Nasiri</strong></span> <span class='ocrx_word' id='word_1_255' title='bbox 1852 1600 1887 1622; x_wconf 80' lang='lat' dir='ltr'><strong>se</strong></span> 
     </span>
     <span class='ocr_line' id='line_1_25' title="bbox 223 1642 1887 1691; baseline -0.007 -4"><span class='ocrx_word' id='word_1_256' title='bbox 223 1651 419 1687; x_wconf 71' lang='lat' dir='ltr'><strong>convertit,</strong></span> <span class='ocrx_word' id='word_1_257' title='bbox 446 1647 554 1680; x_wconf 85' lang='lat' dir='ltr'><strong>rediit</strong></span> <span class='ocrx_word' id='word_1_258' title='bbox 572 1645 725 1678; x_wconf 89' lang='lat' dir='ltr'><strong>Amerus</strong></span> <span class='ocrx_word' id='word_1_259' title='bbox 753 1644 799 1677; x_wconf 89' lang='lat' dir='ltr'><strong>ad</strong></span> <span class='ocrx_word' id='word_1_260' title='bbox 818 1643 1068 1683; x_wconf 84' lang='lat' dir='ltr'><strong>Izzeddinum,</strong></span> <span class='ocrx_word' id='word_1_261' title='bbox 1096 1643 1154 1677; x_wconf 90' lang='lat' dir='ltr'><strong>cui</strong></span> <span class='ocrx_word' id='word_1_262' title='bbox 1180 1642 1319 1676; x_wconf 83' lang='lat' dir='ltr'><strong>litteras</strong></span> <span class='ocrx_word' id='word_1_263' title='bbox 1339 1643 1414 1676; x_wconf 91' lang='lat' dir='ltr'><strong>Alii</strong></span> <span class='ocrx_word' id='word_1_264' title='bbox 1440 1643 1567 1688; x_wconf 77' lang='lat' dir='ltr'><strong>Jahjae</strong></span> <span class='ocrx_word' id='word_1_265' title='bbox 1586 1645 1753 1683; x_wconf 81' lang='lat' dir='ltr'><strong>tradidit,</strong></span> <span class='ocrx_word' id='word_1_266' title='bbox 1782 1657 1887 1691; x_wconf 79' lang='lat' dir='ltr'><strong>expo-</strong></span> 
     </span>
     <span class='ocr_line' id='line_1_26' title="bbox 223 1703 1888 1751; baseline -0.005 -3"><span class='ocrx_word' id='word_1_267' title='bbox 223 1715 291 1747; x_wconf 83' lang='lat' dir='ltr'><strong>sita</strong></span> <span class='ocrx_word' id='word_1_268' title='bbox 313 1709 418 1744; x_wconf 81' lang='lat' dir='ltr'><strong>simul</strong></span> <span class='ocrx_word' id='word_1_269' title='bbox 437 1707 531 1740; x_wconf 88' lang='lat' dir='ltr'><strong>illius</strong></span> <span class='ocrx_word' id='word_1_270' title='bbox 552 1704 681 1749; x_wconf 82' lang='lat' dir='ltr'><strong>agendi</strong></span> <span class='ocrx_word' id='word_1_271' title='bbox 700 1705 858 1742; x_wconf 86' lang='lat' dir='ltr'><strong>ratione,</strong></span> <span class='ocrx_word' id='word_1_272' title='bbox 884 1714 977 1750; x_wconf 87' lang='lat' dir='ltr'><strong>quae</strong></span> <span class='ocrx_word' id='word_1_273' title='bbox 998 1715 1079 1737; x_wconf 89' lang='lat' dir='ltr'><strong>cum</strong></span> <span class='ocrx_word' id='word_1_274' title='bbox 1098 1703 1227 1736; x_wconf 86' lang='lat' dir='ltr'><strong>litteris</strong></span> <span class='ocrx_word' id='word_1_275' title='bbox 1248 1703 1437 1739; x_wconf 83' lang='lat' dir='ltr'><strong>videbatur</strong></span> <span class='ocrx_word' id='word_1_276' title='bbox 1457 1717 1623 1751; x_wconf 83' lang='lat' dir='ltr'><strong>pugnare.</strong></span> <span class='ocrx_word' id='word_1_277' title='bbox 1673 1704 1776 1738; x_wconf 86' lang='lat' dir='ltr'><strong>Alius</strong></span> <span class='ocrx_word' id='word_1_278' title='bbox 1804 1717 1888 1741; x_wconf 75' lang='lat' dir='ltr'><strong>vero</strong></span> 
     </span>
     <span class='ocr_line' id='line_1_27' title="bbox 222 1754 1889 1817; baseline -0.006 -9"><span class='ocrx_word' id='word_1_279' title='bbox 222 1773 347 1817; x_wconf 76' lang='lat' dir='ltr'><strong>Jahja,</strong></span> <span class='ocrx_word' id='word_1_280' title='bbox 374 1770 461 1802; x_wconf 81' lang='lat' dir='ltr'><strong>licet</strong></span> <span class='ocrx_word' id='word_1_281' title='bbox 481 1766 595 1801; x_wconf 85' lang='lat' dir='ltr'><strong>Daani</strong></span> <span class='ocrx_word' id='word_1_282' title='bbox 621 1764 746 1799; x_wconf 87' lang='lat' dir='ltr'><strong>foedus</strong></span> <span class='ocrx_word' id='word_1_283' title='bbox 776 1763 899 1798; x_wconf 85' lang='lat' dir='ltr'><strong>inierit</strong></span> <span class='ocrx_word' id='word_1_284' title='bbox 923 1763 1164 1809; x_wconf 86' lang='lat' dir='ltr'><strong>jurejurando</strong></span> <span class='ocrx_word' id='word_1_285' title='bbox 1193 1764 1368 1798; x_wconf 86' lang='lat' dir='ltr'><strong>sancitum</strong></span> <span class='ocrx_word' id='word_1_286' title='bbox 1397 1777 1478 1800; x_wconf 84' lang='lat' dir='ltr'><strong>cum</strong></span> <span class='ocrx_word' id='word_1_287' title='bbox 1500 1766 1743 1800; x_wconf 81' lang='lat' dir='ltr'><strong>Mohammede</strong></span> <span class='ocrx_word' id='word_1_288' title='bbox 1770 1754 1792 1798; x_wconf 63' lang='lat' dir='ltr'><strong>fss</strong></span> <span class='ocrx_word' id='word_1_289' title='bbox 1818 1764 1889 1798; x_wconf 86' lang='lat' dir='ltr'><strong>Na-</strong></span> 
     </span>
     <span class='ocr_line' id='line_1_28' title="bbox 223 1823 1886 1871; baseline -0.005 -4"><span class='ocrx_word' id='word_1_290' title='bbox 223 1834 302 1871; x_wconf 70' lang='lat' dir='ltr'><strong>siri,</strong></span> <span class='ocrx_word' id='word_1_291' title='bbox 329 1830 426 1864; x_wconf 83' lang='lat' dir='ltr'><strong>misit</strong></span> <span class='ocrx_word' id='word_1_292' title='bbox 447 1832 565 1860; x_wconf 86' lang='lat' dir='ltr'><strong>tamen</strong></span> <span class='ocrx_word' id='word_1_293' title='bbox 586 1824 631 1859; x_wconf 88' lang='lat' dir='ltr'><strong>ad</strong></span> <span class='ocrx_word' id='word_1_294' title='bbox 652 1823 902 1863; x_wconf 83' lang='lat' dir='ltr'><strong>Izzeddinum‚</strong></span> <span class='ocrx_word' id='word_1_295' title='bbox 929 1829 970 1858; x_wconf 89' lang='lat' dir='ltr'><strong>ut</strong></span> <span class='ocrx_word' id='word_1_296' title='bbox 991 1824 1106 1858; x_wconf 85' lang='lat' dir='ltr'><strong>otium</strong></span> <span class='ocrx_word' id='word_1_297' title='bbox 1134 1824 1409 1870; x_wconf 85' lang='lat' dir='ltr'><strong>adipisceretur,</strong></span> <span class='ocrx_word' id='word_1_298' title='bbox 1436 1837 1507 1871; x_wconf 86' lang='lat' dir='ltr'><strong>quo</strong></span> <span class='ocrx_word' id='word_1_299' title='bbox 1525 1826 1572 1860; x_wconf 87' lang='lat' dir='ltr'><strong>ad</strong></span> <span class='ocrx_word' id='word_1_300' title='bbox 1593 1826 1734 1860; x_wconf 45' lang='lat' dir='ltr'><strong>*bellum</strong></span> <span class='ocrx_word' id='word_1_301' title='bbox 1755 1837 1792 1858; x_wconf 89' lang='lat' dir='ltr'><strong>se</strong></span> <span class='ocrx_word' id='word_1_302' title='bbox 1811 1836 1886 1858; x_wconf 86' lang='lat' dir='ltr'><strong>ma-</strong></span> 
     </span>
     <span class='ocr_line' id='line_1_29' title="bbox 224 1884 1885 1938; baseline -0.004 -13"><span class='ocrx_word' id='word_1_303' title='bbox 224 1894 274 1938; x_wconf 69' lang='lat' dir='ltr'><strong>gis</strong></span> <span class='ocrx_word' id='word_1_304' title='bbox 295 1890 404 1925; x_wconf 74' lang='lat' dir='ltr'><strong>etiam</strong></span> <span class='ocrx_word' id='word_1_305' title='bbox 420 1890 663 1932; x_wconf 82' lang='lat' dir='ltr'><strong>praepararet,</strong></span> <span class='ocrx_word' id='word_1_306' title='bbox 690 1884 859 1918; x_wconf 83' lang='lat' dir='ltr'><strong>Vezirum</strong></span> <span class='ocrx_word' id='word_1_307' title='bbox 879 1896 983 1918; x_wconf 85' lang='lat' dir='ltr'><strong>suum</strong></span> <span class='ocrx_word' id='word_1_308' title='bbox 1012 1884 1135 1918; x_wconf 91' lang='lat' dir='ltr'><strong>Alium</strong></span> <span class='ocrx_word' id='word_1_309' title='bbox 1165 1884 1187 1919; x_wconf 88' lang='lat' dir='ltr'><strong>f.</strong></span> <span class='ocrx_word' id='word_1_310' title='bbox 1213 1885 1387 1919; x_wconf 89' lang='lat' dir='ltr'><strong>Ahmedis</strong></span> <span class='ocrx_word' id='word_1_311' title='bbox 1404 1885 1602 1920; x_wconf 77' lang='lat' dir='ltr'><strong>Hasanium</strong></span> <span class='ocrx_word' id='word_1_312' title='bbox 1621 1887 1660 1925; x_wconf 61' lang='lat' dir='ltr'><strong>e,·</strong></span> <span class='ocrx_word' id='word_1_313' title='bbox 1686 1886 1802 1920; x_wconf 87' lang='lat' dir='ltr'><strong>virum</strong></span> <span class='ocrx_word' id='word_1_314' title='bbox 1831 1897 1885 1920; x_wconf 80' lang='lat' dir='ltr'><strong>sa-</strong></span> 
     </span>
     <span class='ocr_line' id='line_1_30' title="bbox 224 1943 1885 1998; baseline -0.005 -12"><span class='ocrx_word' id='word_1_315' title='bbox 224 1950 484 1998; x_wconf 82' lang='lat' dir='ltr'><strong>pientissimum</strong></span> <span class='ocrx_word' id='word_1_316' title='bbox 503 1951 541 1980; x_wconf 85' lang='lat' dir='ltr'><strong>et</strong></span> <span class='ocrx_word' id='word_1_317' title='bbox 560 1944 823 1984; x_wconf 83' lang='lat' dir='ltr'><strong>doctissimum,</strong></span> <span class='ocrx_word' id='word_1_318' title='bbox 849 1944 913 1990; x_wconf 86' lang='lat' dir='ltr'><strong>qui</strong></span> <span class='ocrx_word' id='word_1_319' title='bbox 933 1954 1070 1989; x_wconf 85' lang='lat' dir='ltr'><strong>semper</strong></span> <span class='ocrx_word' id='word_1_320' title='bbox 1090 1943 1135 1977; x_wconf 86' lang='lat' dir='ltr'><strong>ad</strong></span> <span class='ocrx_word' id='word_1_321' title='bbox 1154 1944 1362 1978; x_wconf 83' lang='lat' dir='ltr'><strong>societatem</strong></span> <span class='ocrx_word' id='word_1_322' title='bbox 1375 1957 1459 1980; x_wconf 78' lang='lat' dir='ltr'><strong>cuin</strong></span> <span class='ocrx_word' id='word_1_323' title='bbox 1480 1946 1671 1981; x_wconf 80' lang='lat' dir='ltr'><strong>Izzeddino</strong></span> <span class='ocrx_word' id='word_1_324' title='bbox 1693 1945 1885 1980; x_wconf 85' lang='lat' dir='ltr'><strong>ineundam</strong></span> 
     </span>
     <span class='ocr_line' id='line_1_31' title="bbox 223 2003 1885 2058; baseline -0.004 -13"><span class='ocrx_word' id='word_1_325' title='bbox 223 2020 259 2048; x_wconf 84' lang='lat' dir='ltr'><strong>et</strong></span> <span class='ocrx_word' id='word_1_326' title='bbox 278 2022 403 2058; x_wconf 85' lang='lat' dir='ltr'><strong>pacem</strong></span> <span class='ocrx_word' id='word_1_327' title='bbox 424 2019 506 2043; x_wconf 86' lang='lat' dir='ltr'><strong>cum</strong></span> <span class='ocrx_word' id='word_1_328' title='bbox 527 2006 675 2043; x_wconf 87' lang='lat' dir='ltr'><strong>Sultano</strong></span> <span class='ocrx_word' id='word_1_329' title='bbox 692 2004 971 2039; x_wconf 80' lang='lat' dir='ltr'><strong>conservandam</strong></span> <span class='ocrx_word' id='word_1_330' title='bbox 989 2003 1113 2038; x_wconf 88' lang='lat' dir='ltr'><strong>Alium</strong></span> <span class='ocrx_word' id='word_1_331' title='bbox 1133 2003 1275 2049; x_wconf 83' lang='lat' dir='ltr'><strong>Jahjam</strong></span> <span class='ocrx_word' id='word_1_332' title='bbox 1291 2004 1493 2049; x_wconf 67' lang='lat' dir='ltr'><strong>impulerat.</strong></span> <span class='ocrx_word' id='word_1_333' title='bbox 1544 2007 1615 2052; x_wconf 82' lang='lat' dir='ltr'><strong>Qui</strong></span> <span class='ocrx_word' id='word_1_334' title='bbox 1634 2007 1780 2053; x_wconf 85' lang='lat' dir='ltr'><strong>quidem</strong></span> <span class='ocrx_word' id='word_1_335' title='bbox 1809 2007 1885 2052; x_wconf 87' lang='lat' dir='ltr'><strong>ipse</strong></span> 
     </span>
     <span class='ocr_line' id='line_1_32' title="bbox 224 2063 1886 2112; baseline -0.007 -5"><span class='ocrx_word' id='word_1_336' title='bbox 224 2080 263 2107; x_wconf 82' lang='lat' dir='ltr'><strong>ut</strong></span> <span class='ocrx_word' id='word_1_337' title='bbox 284 2070 431 2106; x_wconf 85' lang='lat' dir='ltr'><strong>advenit</strong></span> <span class='ocrx_word' id='word_1_338' title='bbox 460 2068 551 2104; x_wconf 89' lang='lat' dir='ltr'><strong>serio</strong></span> <span class='ocrx_word' id='word_1_339' title='bbox 572 2066 645 2112; x_wconf 78' lang='lat' dir='ltr'><strong>egit</strong></span> <span class='ocrx_word' id='word_1_340' title='bbox 674 2069 710 2099; x_wconf 86' lang='lat' dir='ltr'><strong>et</strong></span> <span class='ocrx_word' id='word_1_341' title='bbox 739 2064 881 2098; x_wconf 87' lang='lat' dir='ltr'><strong>nescius</strong></span> <span class='ocrx_word' id='word_1_342' title='bbox 906 2063 1049 2098; x_wconf 88' lang='lat' dir='ltr'><strong>illorum</strong></span> <span class='ocrx_word' id='word_1_343' title='bbox 1076 2063 1122 2098; x_wconf 88' lang='lat' dir='ltr'><strong>de</strong></span> <span class='ocrx_word' id='word_1_344' title='bbox 1147 2063 1277 2109; x_wconf 88' lang='lat' dir='ltr'><strong>quibus</strong></span> <span class='ocrx_word' id='word_1_345' title='bbox 1307 2065 1388 2098; x_wconf 82' lang='lat' dir='ltr'><strong>cum</strong></span> <span class='ocrx_word' id='word_1_346' title='bbox 1409 2066 1654 2101; x_wconf 79' lang='lat' dir='ltr'><strong>Mohammede</strong></span> <span class='ocrx_word' id='word_1_347' title='bbox 1671 2071 1886 2100; x_wconf 77' lang='lat' dir='ltr'><strong>convenerat</strong></span> 
     </span>
     <span class='ocr_line' id='line_1_33' title="bbox 222 2123 1882 2174; baseline -0.005 -7"><span class='ocrx_word' id='word_1_348' title='bbox 222 2133 324 2167; x_wconf 84' lang='lat' dir='ltr'><strong>Alius</strong></span> <span class='ocrx_word' id='word_1_349' title='bbox 345 2129 470 2174; x_wconf 77' lang='lat' dir='ltr'><strong>Jahja,</strong></span> <span class='ocrx_word' id='word_1_350' title='bbox 496 2127 727 2164; x_wconf 85' lang='lat' dir='ltr'><strong>Izzeddinum</strong></span> <span class='ocrx_word' id='word_1_351' title='bbox 748 2123 944 2170; x_wconf 81' lang='lat' dir='ltr'><strong>permovit,</strong></span> <span class='ocrx_word' id='word_1_352' title='bbox 970 2128 1012 2158; x_wconf 84' lang='lat' dir='ltr'><strong>ut</strong></span> <span class='ocrx_word' id='word_1_353' title='bbox 1042 2123 1306 2168; x_wconf 82' lang='lat' dir='ltr'><strong>colloqueretur</strong></span> <span class='ocrx_word' id='word_1_354' title='bbox 1327 2135 1407 2160; x_wconf 83' lang='lat' dir='ltr'><strong>cum</strong></span> <span class='ocrx_word' id='word_1_355' title='bbox 1435 2128 1597 2174; x_wconf 85' lang='lat' dir='ltr'><strong>principe</strong></span> <span class='ocrx_word' id='word_1_356' title='bbox 1618 2137 1684 2161; x_wconf 86' lang='lat' dir='ltr'><strong>suo</strong></span> <span class='ocrx_word' id='word_1_357' title='bbox 1701 2126 1739 2160; x_wconf 90' lang='lat' dir='ltr'><strong>in</strong></span> <span class='ocrx_word' id='word_1_358' title='bbox 1758 2136 1882 2170; x_wconf 88' lang='lat' dir='ltr'><strong>campo</strong></span> 
     </span>
    </p>

    <p class='ocr_par' dir='ltr' id='par_1_5' title="bbox 1787 2186 1883 2220">
     <span class='ocr_line' id='line_1_34' title="bbox 1787 2186 1883 2220; baseline 0.01 -1"><span class='ocrx_word' id='word_1_359' title='bbox 1787 2186 1883 2220; x_wconf 84' lang='lat' dir='ltr'><strong>Hau-</strong></span> 
     </span>
    </p>
   </div>
   <div class='ocr_carea' id='block_1_3' title="bbox 223 2234 500 2247">
    <p class='ocr_par' dir='ltr' id='par_1_6' title="bbox 223 2234 500 2247">
     <span class='ocr_line' id='line_1_35' title="bbox 223 2234 500 2247; baseline -0.011 0"><span class='ocrx_word' id='word_1_360' title='bbox 223 2234 500 2247; x_wconf 54' lang='grc' dir='ltr'><strong>μ</strong></span> 
     </span>
    </p>
   </div>
   <div class='ocr_carea' id='block_1_4' title="bbox 272 2283 1787 2356">
    <p class='ocr_par' dir='ltr' id='par_1_7' title="bbox 272 2283 1787 2359">
     <span class='ocr_line' id='line_1_36' title="bbox 272 2283 1787 2356; baseline -0.001 -18"><span class='ocrx_word' id='word_1_361' title='bbox 272 2313 420 2356; x_wconf 59' lang='grc' dir='ltr'><strong>ε),.ςκ,&gt;.</strong></span> <span class='ocrx_word' id='word_1_362' title='bbox 557 2302 573 2324; x_wconf 80' lang='lat' dir='ltr'>b</span> <span class='ocrx_word' id='word_1_363' title='bbox 590 2298 694 2341; x_wconf 58' lang='lat' dir='ltr'><strong>mlh.</strong></span> <span class='ocrx_word' id='word_1_364' title='bbox 863 2304 877 2323; x_wconf 71' lang='lat'><strong><em>⁶</em></strong></span> <span class='ocrx_word' id='word_1_365' title='bbox 893 2305 966 2347; x_wconf 45' lang='lat'><strong>0215*</strong></span> <span class='ocrx_word' id='word_1_366' title='bbox 986 2287 1055 2337; x_wconf 49' lang='lat'><strong>&amp;22²</strong></span> <span class='ocrx_word' id='word_1_367' title='bbox 1081 2283 1170 2338; x_wconf 56' lang='grc' dir='ltr'><strong>5Ᾰὲ</strong></span> <span class='ocrx_word' id='word_1_368' title='bbox 1279 2327 1299 2335; x_wconf 26' lang='grc' dir='ltr'><strong>Α.</strong></span> <span class='ocrx_word' id='word_1_369' title='bbox 1333 2294 1464 2348; x_wconf 55' lang='lat' dir='ltr'><strong>‘Uol-25.</strong></span> <span class='ocrx_word' id='word_1_370' title='bbox 1536 2336 1539 2339; x_wconf 62' lang='grc'><strong>,</strong></span> <span class='ocrx_word' id='word_1_371' title='bbox 1594 2289 1787 2350; x_wconf 47' lang='grc' dir='ltr'><strong>ἕζρκκςύῖ</strong></span> 
     </span>
    </p>
   </div>
  </div>
 </body>
</html>
