2055 2865
919 161 1225 196 *144—

245 265 322 307 pjus
346 267 378 294 et
400 260 498 291 urbes
529 259 597 290 sz'bz’
625 258 797 301 subjeclas
832 255 1012 293 habuisse,
1046 267 1112 288 non
1148 259 1270 287 tantum
1300 256 1389 286 nullo
1420 255 1596 287 Auctorum
1629 257 1703 287 loco
1734 256 1919 287 confirmari

244 324 366 362 posset,
404 317 458 349 sed
491 327 508 347 a
541 315 770 357 probabilitate
794 315 890 344 etiam
916 313 1096 353 longissime
1119 317 1276 343 remotum
1300 317 1355 343 est.
1410 312 1562 348 Accedit,
1600 313 1688 353 quod
1718 315 1856 348 nemini,
1889 314 1921 343 in

246 373 374 406 historia
398 373 550 404 Jemanae
567 382 631 402 non
658 372 754 412 plane
777 369 915 410 hospiti,
940 368 1084 409 ignotum
1118 369 1174 406 sit,
1199 368 1262 398 hoc
1290 369 1392 408 ipsum
1424 372 1547 407 tempus
1577 377 1659 404 esse,
1685 378 1750 408 quo
1774 366 1920 406 Aijoubi-

245 432 306 462 dae
323 453 331 467 ‚
355 430 468 472 paullo
493 432 567 458 ante
597 427 733 468 Aegypti
764 431 794 456 et
821 425 930 466 Syriae
955 425 1076 455 domini
1108 425 1205 461 facti,
1226 423 1296 464 jam
1327 424 1359 453 in
1388 423 1475 453 illam
1499 433 1630 463 quoque
1655 427 1770 452 terram
1801 423 1922 452 invase-

245 492 339 524 runt,
373 495 509 526 eamque
535 493 608 512 mox
635 482 836 516 universam,
871 480 1017 510 omnibus
1047 480 1112 511 fere
1140 479 1272 510 urbibus
1300 484 1330 509 et
1365 478 1503 509 castellis
1532 478 1739 518 expugnatiS‚
1772 478 1804 507 in
1834 487 1924 506 suam

244 546 437 584 potestatem
465 539 654 579 redegerunt
681 537 790 577 (cons.
815 536 1010 567 Johannsen.
1036 536 1057 566 l.
1080 536 1102 567 l.
1126 546 1158 576 p.
1188 534 1250 565 146
1271 533 1386 574 seqq.)
1407 543 1415 562 :
1436 533 1546 572 itaque
1572 532 1639 562 fieri
1664 543 1728 562 non
1751 542 1864 572 posse,
1890 536 1924 562 ut

245 611 283 631 ea
307 598 402 631 verba
434 594 582 627 Auctoris
604 590 729 641 5)όὸᾲὴ
751 611 785 619 .-
813 590 879 640 (ὲκ-ε
911 590 952 623 ω
978 590 1020 620 ad
1051 590 1129 619 alios
1152 600 1250 630 quam
1282 588 1493 630 AijoubidaS,
1528 588 1725 628 rapidosque
1753 587 1866 618 horum
1893 587 1925 616 in

245 661 398 691 Jemanae
425 654 663 696 expugnatione
697 649 877 693 progressus
912 653 942 679 et
971 647 1056 677 bella
1082 646 1164 675 inter
1192 657 1245 677 eos
1277 652 1307 677 et
1338 648 1496 678 Imamum
1527 649 1778 678 al-Mansonrum
1814 651 1922 687 gesta,

246 718 402 757 spectent.
459 710 550 741 Unde
575 709 634 739 hae
657 709 741 737 dnae
773 705 974 746 quaestiones
996 702 1163 739 oriuntur,
1187 712 1228 732 an
1255 701 1342 732 haud
1366 704 1460 743 plane
1485 703 1524 735 sit
1550 705 1705 740 insolens,
1733 702 1924 743 Aijoubida·

246 781 318 801 rum
344 773 468 810 gentem
501 763 555 794 liic
590 763 747 792 Turcieae
776 761 863 790 istius
891 758 1030 789 nationis
1063 758 1192 788 nomine
1228 757 1380 788 Ghozzos
1405 757 1509 788 dictos
1530 770 1616 797 esse;
1652 766 1682 790 et
1711 761 1850 797 deinde,
1885 770 1926 790 an

246 823 423 867 probabilis
447 821 554 859 aliqua
585 828 683 849 causa
709 816 841 857 hujusce
872 815 1009 846 nominis
1034 814 1094 845 illis
1127 813 1235 844 tributi
1264 823 1295 843 se
1323 812 1446 843 offerat.
1501 815 1553 845 Ad
1579 817 1713 844 alterum
1738 815 1827 854 quod
1852 815 1927 844 ani-

248 883 319 913 net,
355 879 481 917 praeter
504 874 773 906 evidentissimum
801 876 1024 912 argumentum
1061 870 1150 911 quod
1185 868 1289 905 infra,
1324 868 1357 898 in
1389 874 1501 901 annot.
1532 869 1573 900 ad
1608 880 1683 911 pag.
1705 869 1766 906 31,
1802 875 1924 906 exstat,

248 936 327 965 alius
350 942 481 974 quoque
503 932 594 962 locus
614 929 751 971 probat,
780 926 888 959 revera
916 927 1109 968 Aijoubidas
1131 925 1188 956 isia
1216 925 1432 966 appellatione
1455 926 1496 956 ab
1520 926 1713 956 Auctoribus
1734 925 1927 966 significari:

249 1010 294 1036 est
318 1005 352 1035 in
375 1000 580 1041 Aboull'ardji
606 1000 695 1030 Hist.
719 999 814 1039 Dyn.
848 1009 881 1038 p.
905 997 969 1028 454
1000 1007 1044 1029 vs.
1064 998 1085 1027 5
1108 1007 1125 1026 a
1150 996 1195 1033 f.,
1228 995 1282 1026 ubi
1307 1006 1394 1027 nune
1429 996 1561 1037 legitur:
1596 997 1667 1042 Lm
1683 994 1743 1045 fil
1770 988 1842 1027 &La
1872 995 1929 1038 μ’)

249 1071 360 1129 {jjigjt
391 1069 491 1125 2:330„ss
520 1066 657 1121 μκὲὲὼῖ,
690 1078 734 1119 (l.
750 1069 842 1123 jacto)
858 1099 865 1112 ‚
891 1077 923 1107 in
947 1076 1092 1117 margine
1114 1086 1188 1106 vero
1211 1076 1409 1118 adscriptum
1431 1080 1495 1113 est,
1516 1077 1547 1107 in
1571 1077 1634 1107 alio
1646 1076 1767 1108 Codice
1791 1087 1850 1118 pro
1865 1076 1929 1125 lali

251 1165 355 1198 offerri
369 1162 470 1213 λαμ-Ἣ
495 1166 610 1193 neutra
630 1170 705 1192 vero
722 1157 819 1189 lectio
840 1167 897 1198 per
916 1157 1004 1188 istius
1029 1156 1180 1197 temporis
1199 1155 1362 1185 historiam
1385 1155 1416 1185 in
1440 1156 1647 1188 commodum
1669 1169 1792 1189 sensnm
1823 1158 1929 1199 accipi

251 1249 374 1287 potest,
405 1248 436 1273 et
459 1242 581 1272 nullum
604 1238 682 1269 mihi
708 1238 842 1268 dubium
865 1243 981 1274 restat,
1007 1238 1052 1269 ibi
1078 1237 1163 1268 idem
1185 1236 1264 1267 illud
1291 1247 1410 1267 nomen
1423 1219 1486 1284 2225
1522 1238 1742 1277 reponendum
1778 1248 1861 1275 esse,
1899 1243 1929 1269 et

253 1305 426 1335 Auctorem
449 1300 581 1331 dixisse:
607 1308 648 1327 ae
673 1300 859 1338 postquam
890 1296 1036 1345 Ghozzi'.
1062 1295 1125 1325 hoc
1152 1300 1196 1325 est
1219 1295 1441 1336 Azjoubz‘clae,
1468 1294 1620 1336 Aegypti
1637 1298 1762 1336 potiti,
1788 1301 1819 1327 et
1847 1298 1932 1338 (per

253 1359 334 1400 eos)
357 1357 558 1391 Alidarum,
583 1355 646 1384 sive
671 1352 960 1389 flammeam-am,
985 1353 1163 1391 imperium
1187 1352 1392 1381 exstinctum
1415 1355 1489 1380 erat
1507 1367 1569 1381 --.
1614 1353 1684 1382 Jam
1709 1353 1750 1382 de
1769 1352 1931 1393 probabili

255 1414 351 1446 causa
381 1424 438 1444 cur
468 1412 548 1442 haec
580 1410 722 1444 familia,
756 1419 842 1448 quae
871 1409 967 1447 vulgo
997 1406 1138 1438 creditur
1167 1406 1209 1435 ad
1242 1405 1383 1435 nobilem
1417 1406 1560 1445 aliquam
1591 1405 1781 1438 Cur—dorum
1814 1408 1931 1438 tribum

253 1470 438 1513 pertinuisse
472 1467 584 1509 (cons.
616 1465 778 1496 Herbelot.
802 1464 834 1493 in
857 1474 885 1494 v.
913 1462 1026 1499 θανά,
1061 1463 1148 1494 Αιίιό
1172 1462 1233 1492 ben
1257 1459 1427 1497 Schadln',
1460 1465 1490 1491 et
1513 1460 1724 1492 Salaheddz‘n
1747 1461 1854 1502 Josef
1871 1461 1933 1492 ben

255 1526 385 1562 Αίοίιό,
411 1535 486 1556 cum
514 1524 553 1555 A.
579 1521 771 1554 Schultensii
804 1518 924 1549 Indice
951 1517 1076 1564 Geogr.
1100 1519 1135 1547 z'n
1164 1517 1224 1547 Vll·
1250 1514 1370 1546 Salad·
1405 1516 1437 1545 in
1466 1526 1496 1547 V·
1523 1515 1678 1558 Curdc'),
1710 1528 1826 1549 nomen
1855 1518 1934 1548 illud

257 1582 402 1622 gesserit,
428 1579 664 1611 efferatissimae
690 1576 777 1617 genti
805 1574 962 1605 Tarcz‘cae
987 1573 1173 1614 proprium,
1198 1581 1296 1601 unum
1324 1570 1364 1600 de
1394 1569 1521 1600 duobus
1552 1573 1754 1603 statuendum
1787 1577 1852 1609 est,
1878 1578 1933 1603 ant

256 1636 376 1666 reverd
400 1634 590 1675 Aijoubidas
619 1643 637 1663 a
662 1631 796 1662 Ghozzis
820 1630 992 1665 oriundos,
1024 1633 1055 1657 et
1085 1638 1158 1658 cum
1186 1625 1298 1656 Curdis
1323 1625 1376 1666 (in
1405 1624 1519 1657 eadem
1549 1627 1601 1657 illa
1630 1629 1782 1659 montana
1807 1628 1936 1669 regione

259 1691 382 1721 Mediae
404 1687 643 1722 habitantibus,
668 1695 768 1725 quam
790 1682 915 1714 Ghozzi
936 1683 1173 1722 frequentatum
1192 1681 1368 1722 venerunt)
1392 1692 1448 1722 per
1470 1684 1655 1724 nuptiarum
1681 1690 1805 1715 tantum
1829 1685 1935 1715 affini.

259 1750 358 1776 tatem
386 1742 580 1784 conjunctos
611 1740 704 1770 fuisse
731 1737 843 1779 (quod
876 1738 996 1768 collato
1026 1737 1101 1767 loco
1135 1735 1309 1771 Nowairii‚
1344 1745 1362 1765 a
1385 1736 1587 1769 Schultensio
1610 1739 1780 1777 adducto,
1814 1749 1937 1780 nequa·

261 1810 361 1841 quam
395 1798 459 1830 veri
489 1796 638 1827 dissimile
664 1793 752 1834 est),
788 1797 843 1823 aut
871 1792 974 1834 falso
997 1793 1033 1823 iis
1063 1793 1218 1834 originem
1244 1790 1351 1827 illam,
1386 1793 1449 1823 sive
1485 1803 1542 1834 per
1569 1804 1708 1825 errorem
1744 1794 1881 1835 (Curdis
1904 1798 1935 1824 et

263 1854 397 1885 Ghozzis
420 1853 452 1883 in
472 1852 584 1882 eodem
608 1851 679 1892 jam
701 1854 805 1880 tractu
830 1848 1065 1889 degentibus),
1090 1848 1153 1879 sive
1175 1848 1369 1888 ignominiae
1391 1848 1568 1880 inurendae
1592 1852 1686 1881 causa
1703 1872 1710 1886 ,
1737 1860 1755 1880 a
1777 1849 1936 1880 nonnullis

263 1911 416 1942 tributam
441 1919 517 1940 esse.
572 1907 669 1949 Cujus
696 1906 826 1947 quidem
858 1905 902 1935 rei
930 1904 1111 1935 accuratius
1142 1904 1348 1944 indagandae
1379 1904 1431 1935 hic
1461 1905 1609 1945 profecto
1644 1907 1734 1937 locus
1767 1916 1832 1936 non
1868 1910 1934 1942 est;

264 1968 352 1999 cons.
384 1976 461 1998 vero
484 1964 626 2006 inprimis
648 1962 820 1993 Hamakeri
847 1961 1092 1992 commentatio
1124 1961 1173 1990 acl
1201 1960 1309 1991 locum
1339 1959 1502 1990 Malu-iziz?
1525 1966 1628 1997 caet..
1653 1973 1687 2002 p.
1707 1963 1749 1992 52
1767 1979 1796 1984 -
1814 1961 1867 1992 54,
1891 1978 1932 1985 ..-

264 2025 303 2055 In
325 2033 367 2055 vs-
384 2022 406 2053 6
425 2032 492 2062 seq.
516 2020 612 2052 verba
635 2018 770 2067 &⁶³in
789 2043 823 2050 .-
843 2026 904 2057 exn.)
927 2017 1109 2058 significare
1130 2017 1251 2049 credo:
1271 2021 1455 2058 postquam
1477 2018 1512 2046 z'n
1534 2017 1715 2048 consilium
1734 2019 1845 2048 iverat
1865 2027 1938 2048 cum

270 2081 454 2116 Comz’tz'bus
478 2083 552 2111 suis
574 2091 591 2110 e
615 2080 759 2110 subditis
781 2080 918 2120 imperii
937 2079 1011 2116 sui,
1036 2081 1069 2109 et
1091 2088 1165 2108 cum
1188 2076 1313 2107 accolis
1337 2075 1499 2117 Dhafa‘re‘
1519 2076 1597 2118 (qui
1621 2078 1727 2108 sedem
1750 2076 1935 2117 habebant)

268 2143 304 2170 in
328 2142 438 2169 monte
462 2134 560 2177 ejus:
586 2139 660 2166 erat
682 2140 794 2166 autem
817 2134 879 2164 hoe
901 2138 983 2164 lune
1009 2136 1169 2175 temporis
1191 2133 1369 2164 castellum
1388 2133 1516 2163 Imdmi
1532 2133 1769 2175 Abozc-lafalhz'
1788 2133 1936 2164 acl-Dai-

270 2195 364 2226 Iami.
409 2193 454 2223 De
479 2190 710 2222 Abou-l-fatho
733 2191 809 2226 illo.
843 2189 954 2219 Imami
981 2189 1189 2220 al-Mansouri
1212 2191 1361 2230 aequali,
1395 2199 1492 2229 quem
1516 2199 1552 2218 ex
1576 2189 1668 2220 titulo
1692 2190 1720 2220 ei
1743 2190 1821 2219 dato
1844 2187 1939 2218 disci·

271 2260 358 2285 mus.
389 2249 487 2280 etiam
510 2247 611 2288 ipsum
634 2246 726 2277 fuisse
747 2245 928 2287 Principem
951 2245 1043 2286 plena
1077 2249 1233 2286 potestate
1264 2244 1346 2275 inter
1367 2253 1440 2274 suos
1461 2243 1681 2275 dominantem
1697 2266 1707 2279 ,
1740 2242 1818 2274 nihil
1841 2251 1937 2282 porro

271 2319 430 2360 impertire
453 2318 565 2349 lectori
589 2327 741 2359 possum:
773 2326 835 2348 nec
857 2321 981 2347 certum
1004 2326 1135 2358 quoque
1157 2320 1221 2352 est,
1261 2314 1346 2346 unde
1368 2314 1537 2347 relativum
1559 2313 1640 2345 illud
1662 2323 1778 2345 nomen
1800 2301 1937 2362 &mo-st

1872 2376 1937 2402 tra-
