2055 2865
927 251 1200 276 —v1—

230 386 335 425 atque
361 377 578 411 incrementa
604 371 731 405 horum
759 365 941 414 potentiae
967 363 1006 396 in
1032 361 1179 397 Jemana
1208 371 1320 406 usque
1346 357 1390 392 acl
1421 367 1553 391 annum
1576 354 1733 389 Arabum
1762 354 1903 388 circiter

229 453 299 488 980
325 446 546 494 (1572—3)
574 442 830 489 complectitur.
881 439 1039 483 Namque
1056 434 1258 481 praeiverat
1280 433 1430 478 Sacyus,
1454 430 1517 476 qui
1541 428 1778 474 gravissimam
1799 426 1907 471 hujus

231 525 398 560 historiae
423 526 577 568 partem,
604 528 752 563 eamque
777 524 903 552 unam,
940 515 1105 545 accurate
1140 511 1356 543 tractaverat
1380 505 1416 538 in
1451 504 1559 537 Tomo
1582 500 1635 535 IV
1659 499 1741 533 libri
1766 499 1850 532 Not.
1877 502 1909 531 et

233 598 427 633 Errlrscles
452 592 568 629 ‚MSS-
590 592 636 626 cla
661 591 731 625 Roz'
756 586 936 632 inscripti3
964 595 1070 630 quem
1095 582 1240 628 quidem
1261 581 1470 614 Hammerus
1488 577 1525 609 in
1547 573 1706 621 plurimis
1728 571 1908 616 sequitur,

231 677 269 708 in
291 670 468 706 nonnullis
493 678 653 715 quoque,
682 677 700 698 e
723 661 895 697 ditissimo
917 657 1172 694 Historieorum
1191 655 1267 689 Orr.
1287 653 1382 686 MSS.
1405 651 1586 685 Thesauro
1600 672 1608 686 ‚
1635 645 1778 690 corrigit
1803 650 1910 689 atque

238 746 412 781 emendat.
472 743 543 778 Ubi
565 745 684 774 autem
714 736 815 781 Sacri
844 731 1046 778 praeeuntis
1073 728 1244 774 expositio
1273 725 1442 760 historiae
1474 723 1640 757 Jemanac
1675 719 1819 756 finitur,
1855 717 1913 749 vix

235 820 385 864 intelligi
414 822 550 863 potest,
585 822 691 858 quam
725 809 845 846 exilis,
881 815 1058 851 quamque
1090 813 1214 836 manca
1253 800 1315 837 sit,
1354 800 1392 832 in
1426 794 1605 830 Hammeri
1637 804 1758 838 opere,
1793 802 1910 824 rerum

236 893 392 939 proxime
423 894 624 924 secutarum
657 882 792 917 relatio.
854 879 964 923 Cujus
995 875 1177 909 relationis
1207 876 1453 916 argumentum
1490 878 1602 912 quum
1632 866 1669 898 in
1701 865 1770 898 hac
1801 863 1916 908 opella

236 967 326 1000 mihi
347 975 480 999 sumam
506 957 747 996 tractandum,
772 951 1010 987 necessarium
1032 948 1116 982 duxi
1139 948 1217 992 ejus
1233 949 1348 980 errata
1366 943 1404 975 in
1426 941 1538 985 hujus
1562 935 1792 984 praefationis
1814 935 1915 968 initio

239 1039 360 1086 paucis
388 1037 565 1073 indicare,
588 1037 631 1067 ut
660 1028 762 1065 simul
788 1031 910 1072 pateat
933 1034 1005 1058 non
1034 1027 1148 1056 actam
1174 1031 1249 1053 rem
1272 1029 1327 1051 mc
1353 1026 1478 1060 agere,
1511 1019 1592 1051 aut,
1628 1011 1711 1045 satis
1739 1008 1915 1053 cognitam

241 1112 422 1147 historiam
449 1111 581 1144 iterum
612 1102 805 1140 narrando,
831 1097 1054 1143 diligentiam
1080 1095 1117 1128 in
1152 1089 1382 1138 supervacuis
1407 1086 1597 1121 adfectare.
1656 1084 1782 1117 Narrat
1808 1082 1915 1127 igitur

241 1193 384 1224 auctor,
409 1185 431 1218 l.
452 1184 474 1217 l.
501 1182 563 1217 IV.
599 1191 677 1226 pag.
702 1175 789 1214 166,
816 1172 1028 1208 Mutahhero
1060 1167 1268 1203 successisse
1300 1163 1362 1207 (in
1395 1160 1588 1202 Imamatu)
1616 1157 1694 1201 ejus
1723 1155 1853 1193 filium,
1882 1161 1919 1188 et

241 1264 338 1296 hunc
364 1257 494 1292 deinde
526 1251 679 1302 patrueli
703 1262 765 1284 suo
789 1248 871 1283 Alio
901 1245 1027 1291 Jahjae
1053 1242 1292 1288 principatum
1316 1236 1478 1271 cessisse:
1505 1243 1616 1278 quum
1634 1234 1756 1264 contra
1782 1234 1918 1261 certum

241 1338 306 1373 sit,
348 1331 470 1366 Alium
506 1329 646 1373 Jahjam
690 1326 804 1371 ipsum
838 1320 944 1354 fuisse
984 1318 1098 1352 filium
1131 1311 1380 1353 Mothahheri;
1417 1313 1600 1355 praeterea
1641 1314 1758 1348 neque
1794 1302 1917 1335 Alium

243 1408 383 1452 Jahjam
407 1414 524 1448 neque
554 1401 661 1434 alium
686 1411 728 1432 ex
754 1395 835 1430 filiis
857 1392 1085 1427 Mothahheri
1115 1389 1206 1435 patri
1232 1387 1269 1420 in
1298 1385 1474 1418 Imamatu
1508 1378 1736 1419 successisse3
1763 1376 1918 1420 denique

242 1483 412 1527 primum,
448 1481 529 1522 post
561 1470 788 1507 Mothahheri
818 1465 975 1502 obitum,
1012 1464 1187 1496 Imamum
1212 1459 1320 1493 fuisse
1354 1458 1533 1490 Hasanum
1567 1453 1591 1486 f.
1620 1451 1694 1485 Alii
1728 1450 1750 1483 s.
1778 1449 1920 1483 Daoudi

244 1549 484 1595 ai-Moajjedi:
511 1548 556 1582 ad
578 1557 702 1592 quem,
731 1541 834 1576 simul
864 1551 905 1573 ac
932 1549 967 1572 se
996 1537 1170 1570 Imamum
1200 1531 1379 1577 professus
1403 1532 1514 1565 esset,
1550 1535 1671 1558 omncs
1695 1520 1922 1557 Mothahheri

244 1627 328 1663 filii,
355 1620 640 1658 Gautseddinus,
667 1612 998 1650 Abdarrahmanus,
1032 1606 1209 1642 Lothfalla
1240 1609 1277 1637 et
1307 1603 1415 1636 etiam
1447 1599 1550 1632 Alius
1577 1596 1682 1640 Jahja
1708 1607 1744 1630 sc
1773 1606 1920 1628 conver-

246 1704 377 1734 terunt.
434 1693 577 1729 Defecit
606 1690 752 1737 quidem
776 1685 882 1733 paulo
913 1689 993 1730 post
1022 1681 1125 1715 Alius
1150 1678 1256 1722 Jahja
1281 1675 1326 1709 ab
1350 1674 1484 1707 Imamo
1516 1672 1654 1704 Hasano
1681 1673 1717 1701 et
1746 1678 1827 1700 cum
1855 1667 1925 1701 hoc

245 1774 377 1808 bellum
409 1765 629 1814 aliquamdiu
655 1763 780 1809 gessit:
806 1769 987 1804 nunquam
1015 1762 1134 1790 tamen
1159 1750 1287 1786 Imami
1309 1749 1460 1783 honores
1484 1742 1672 1790 capessivit
1699 1747 1735 1774 et
1758 1740 1923 1774 lubenter

248 1845 377 1882 deinde
402 1842 527 1877 Imami
552 1839 683 1875 Hasani
709 1835 919 1881 (lignitatem
949 1830 1103 1876 agnovit.
1153 1827 1231 1861 Non
1258 1824 1361 1858 facile
1384 1822 1492 1866 igitur
1523 1817 1753 1861 intelligitur,
1781 1815 1825 1848 de
1851 1825 1922 1858 quo

248 1917 475 1956 Mothahheri
502 1915 575 1949 filio
603 1923 714 1948 sermo
744 1911 808 1949 sit,
833 1908 912 1953 qui,
949 1910 1028 1952 post
1056 1902 1273 1949 principatus
1309 1895 1571 1932 abdicationem
1601 1898 1638 1925 et
1668 1890 1781 1923 otium
1815 1888 1838 1922 8
1862 1899 1924 1920 an-

250 2005 374 2029 norum
402 1990 563 2036 religioni
586 1990 848 2021 consecratum,
879 1980 923 2014 ab
950 1980 1090 2013 Hasano
1121 1975 1257 2010 Pascha
1281 1985 1310 2006 a.
1334 1971 1368 2005 d.
1394 1969 1416 2004 3
1435 1967 1533 2003 Junii
1561 1965 1652 2000 1587
1678 1962 1926 1997 Constantino-

252 2069 349 2115 polin
377 2067 503 2101 missus
539 2062 671 2097 dicitur
705 2065 741 2093 et
773 2057 823 2091 ibi
856 2066 995 2089 carcere
1022 2051 1188 2085 inclusus.
1250 2047 1295 2081 Id
1332 2051 1451 2078 autern
1484 2041 1630 2075 evidens
1660 2044 1713 2072 est
1741 2047 1811 2069 non
1847 2039 1927 2079 post

256 2146 332 2188 ejus
358 2141 501 2175 demum
523 2137 717 2171 discessum
737 2131 857 2166 Alium
883 2128 1024 2172 Jahjam
1050 2131 1086 2160 et
1107 2124 1192 2158 alios
1212 2117 1503 2156 Mothahheridas
1527 2116 1565 2148 in
1588 2112 1746 2148 Paschae
1769 2112 1926 2154 potesta-

258 2225 329 2251 tem
348 2215 501 2249 venisse:
528 2221 639 2257 quum
661 2209 736 2253 jam
756 2215 874 2239 mense
901 2201 996 2236 Julio
1021 2199 1103 2233 anni
1130 2196 1221 2232 1585
1247 2205 1366 2229 omnes
1386 2191 1564 2238 principes
1592 2200 1634 2222 ex
1655 2187 1722 2220 hac
1739 2183 1842 2217 domo
1860 2180 1928 2214 orti

259 2296 321 2324 aut
347 2288 498 2321 libenter
531 2296 567 2319 se
604 2281 760 2318 Paschae
793 2281 830 2313 in
863 2275 1072 2320 obsequium
1100 2271 1290 2307 dederant,
1323 2274 1385 2301 aut
1415 2266 1451 2298 vi
1481 2270 1517 2298 et
1546 2261 1648 2296 armis
1680 2259 1822 2293 fuerant
1848 2254 1930 2288 sub-

261 2364 342 2398 acti.
392 2359 602 2397 Gravissime
637 2362 755 2391 autem
787 2354 825 2388 in
847 2363 888 2387 eo
918 2348 1081 2395 peccavit
1101 2351 1242 2382 auctor,
1269 2342 1383 2387 quod,
1410 2350 1519 2384 quum
1543 2336 1691 2370 aliorum
1712 2329 1929 2366 Pascharum

1871 2401 1932 2434 Je·
