2055 2865
876 167 948 177 ·—
994 161 1060 184 vul
1109 168 1180 180 -=-

243 278 347 312 Hunc
379 279 496 308 autem
532 272 569 305 in
605 269 732 304 Codice
767 266 929 302 ordinem
959 274 1101 303 secutus
1141 274 1194 303 est
1224 274 1364 306 auctor,
1396 276 1436 303 ut
1469 275 1548 314 post
1585 271 1868 317 praefationem..

194 363 272 395 pag.
296 346 420 384 1-3‚
457 357 499 379 ea
531 348 684 381 enarret,
720 354 810 387 quae
842 341 886 375 ab
917 342 1057 376 Hasano
1092 348 1171 376 acta
1199 342 1364 380 suerunt,
1401 342 1444 374 ab
1477 341 1536 375 illo
1567 344 1650 378 inde
1680 351 1860 391 tempore,

194 434 265 468 quo
289 418 507 466 provinciam
531 417 698 451 Jemanae
725 415 874 460 adeptus
906 420 959 449 est
984 426 1028 448 m.
1056 415 1229 460 Djomada
1254 416 1282 448 I.
1310 427 1339 449 a-
1360 414 1450 453 988,
1476 426 1589 460 usque
1615 417 1659 449 ad
1688 419 1861 462 proelium

194 494 326 529 Orlioci
345 504 390 525 m.
411 491 522 525 Rehia
548 502 576 524 a.
596 489 686 528 990,
709 489 753 522 de
773 501 844 534 quo
864 489 944 522 vide
967 501 1042 534 pag.
1060 488 1114 522 26.
1157 490 1254 522 llaec
1275 489 1384 533 igitur
1403 487 1483 521 libri
1502 500 1598 533 pars,
1618 500 1694 534 pag.
1713 488 1861 529 4-52,

192 566 296 600 initia
325 564 485 599 continet
517 564 595 608 ejus
624 561 782 607 imperii,
817 573 908 607 quae
940 561 1097 596 suturam
1124 563 1321 607 potentiam
1351 561 1633 606 augurabantur,
1666 562 1717 596 ita
1746 568 1864 597 tamen

196 646 238 673 ut
261 637 418 673 nondum
440 642 643 682 appareret,
668 636 872 669 vinceretne
900 634 1041 668 tandem
1059 636 1236 675 IIasanus,
1259 649 1304 670 an
1321 637 1534 670 vinceretur.
1584 635 1629 668 In
1653 636 1763 670 altera
1783 637 1864 670 libri

190 717 307 757 parte,
333 721 400 755 pag
431 710 608 748 52—77,
635 709 839 743 historicam
866 708 1120 753 expositionem
1151 709 1378 754 interrumpit
1402 714 1545 746 auctor,
1570 708 1757 743 referendo
1786 711 1865 755 plu-

189 786 278 818 rima
305 784 434 818 Hasani
463 783 574 821 facta,
611 783 651 815 in
676 781 806 826 quibus
835 782 913 825 ejus
938 782 1099 827 justitia,
1135 782 1335 826 benignitas
1367 787 1404 815 et
1435 781 1642 826 praesertim
1672 782 1864 818 liberalitas

189 858 317 892 eximia
340 858 466 890 elucet.
519 854 638 888 Tertia
665 853 807 886 tandem
825 864 925 897 pars,
952 866 1027 898 pag.
1050 855 1095 890 77
1120 866 1233 898 usque
1259 853 1303 886 ad
1322 853 1404 886 libri
1425 852 1549 890 finem,
1578 855 1763 889 continuat
1789 869 1864 891 ora-

190 932 323 964 tionem
347 940 422 974 pag.
449 927 494 961 52
521 926 706 971 abruptam
738 932 774 959 et
803 925 962 972 *reliquas
994 928 1072 972 ejus
1105 939 1160 961 res
1195 932 1309 972 gestas
1340 931 1376 959 et
1410 924 1578 970 plurimas
1611 925 1776 961 victorias
1801 928 1863 963 de·

188 1002 311 1037 scribit
337 1012 450 1045 usque
480 1000 524 1033 ad
553 999 648 1033 diem
673 999 719 1033 25
746 1011 789 1032 m.
818 999 955 1044 Redjeb
981 1012 1010 1033 a.
1033 999 1104 1034 993
1137 1001 1174 1033 in
1202 1011 1274 1045 quo
1304 998 1474 1032 subsistit.
1537 998 1701 1034 Ceterum
1731 1014 1802 1035 uno
1828 1009 1864 1037 et

190 1080 364 1121 perpetuo
395 1079 517 1107 tenore
549 1071 694 1118 prossuit
719 1072 830 1105 oratio
855 1079 891 1106 et
922 1073 1136 1112 sectionum,
1167 1078 1229 1107 aut
1254 1071 1410 1117 capitum
1441 1072 1532 1105 ratio
1560 1072 1657 1105 nulla
1690 1073 1862 1110 liabetur:

187 1147 317 1194 passim
340 1152 475 1184 tamen,
501 1145 564 1179 ubi
589 1145 633 1178 ad
658 1145 754 1178 aliud
779 1145 927 1185 bellum,
954 1147 1101 1181 aliamve
1129 1145 1408 1192 expeditionem,
1436 1152 1499 1180 aut
1522 1157 1596 1180 rem
1615 1157 1862 1193 quamcunque

188 1222 292 1255 aliam
307 1219 537 1254 enarrandam
557 1219 738 1257 transitur,
760 1219 856 1265 quod
875 1231 1011 1265 semper
1030 1220 1136 1254 rubro
1150 1219 1337 1254 atramenti
1352 1219 1467 1253 colore
1490 1219 1682 1258 indicatur,
1700 1220 1863 1255 lemmata

188 1295 232 1329 ad
252 1293 445 1338 marginem
463 1293 712 1327 inveniuntur.
739 1292 869 1337 quibus
892 1299 1138 1338 argumentum
1158 1293 1382 1328 tractandum
1406 1294 1525 1327 statim
1548 1299 1788 1339 cognoscatur.

234 1366 401 1399 Auctoris
427 1366 547 1409 lingua
569 1371 606 1398 et
631 1366 730 1398 stilus
756 1377 774 1398 e
796 1366 881 1399 locis
908 1366 945 1399 in
967 1367 1194 1400 annotatione
1215 1367 1370 1400 laudatis
1389 1367 1613 1412 aliquatenus
1639 1367 1858 1413 intelligitur..

189 1440 255 1472 Illa
285 1449 305 1470 a
339 1437 468 1481 regulis
498 1437 732 1480 grammaticis
767 1442 803 1469 et
843 1439 1056 1481 optimorum
1090 1440 1301 1482 scriptorum
1333 1440 1453 1483 lingua
1491 1441 1620 1485 passim
1655 1441 1793 1475 recedit
1825 1451 1859 1477 ct

186 1512 365 1554 vulgarem
394 1520 588 1543 sermonem
618 1519 769 1553 eumque
804 1508 971 1543 vitiosum
999 1521 1252 1556 nonnunquam
1285 1511 1455 1556 sequitur.
1516 1512 1639 1546 Oratio
1671 1513 1861 1550 admodum

184 1584 318 1629 prolixa
350 1590 422 1621 est,
461 1594 571 1627 quum
605 1582 642 1614 in
671 1581 775 1616 rebus
801 1582 946 1616 minutis
975 1595 1005 1617 v.
1030 1596 1059 1628 g,
1097 1583 1340 1617 conviviorum
1369 1584 1601 1629 dispositione
1630 1591 1667 1618 et
1700 1586 1860 1622 ciborum

185 1656 452 1690 enumeratione
485 1655 527 1689 al.
562 1660 725 1688 accurate
760 1655 1024 1694 describendis,
1064 1656 1268 1700 diligentiae
1304 1656 1446 1690 laudem
1482 1663 1600 1702 captet
1639 1663 1675 1692 et
1707 1661 1855 1696 eandem

187 1730 420 1768 sententiam,
458 1728 534 1762 aliis
567 1729 747 1763 vocabulis
772 1729 929 1768 utendo,
965 1735 1019 1763 ter
1042 1735 1239 1775 quaterque
1276 1730 1456 1764 interdum
1481 1736 1630 1776 repetat.
1691 1732 1854 1779 Denique

189 1803 274 1836 ordo
300 1814 417 1836 rerum
446 1802 482 1835 in
508 1802 691 1836 scribendo
722 1814 792 1837 non
819 1807 995 1842 servatur,
1023 1815 1133 1849 quum
1160 1816 1220 1842 ea,
1247 1814 1338 1848 quae
1367 1809 1470 1837 antea
1499 1803 1593 1838 saeta
1623 1810 1722 1843 sunt,
1752 1818 1853 1852 saepe

186 1877 316 1915 serius,
343 1888 448 1922 quam
476 1876 678 1921 oportebat,
707 1876 751 1909 ab
776 1882 920 1910 auctore
945 1883 1205 1911 recenseantur.

233 1951 402 1984 Auctoris
420 1962 548 1983 nomen
571 1950 639 1984 suit
661 1951 812 1984 Amerus
837 1950 859 1983 s.
884 1950 1153 1989 Mohammedss,
1181 1951 1235 1984 uti
1257 1962 1276 1984 e
1296 1950 1427 1985 codicis
1453 1941 1710 1997 subscriptione
1735 1960 1852 1998 patet,

186 2026 221 2057 in
249 2024 350 2069 cujus
371 2023 441 2057 fine
465 2023 552 2057 haec
573 2025 758 2068 leguntur:
787 2036 884 2071 Um>
910 2023 1016 2078 &mi
1046 2038 1088 2071 0?
1116 2030 1226 2057 tau-<m
1251 2024 1356 2078 ὲῇμὶὸἳ
1380 2037 1423 2072 U?
1441 2024 1514 2070 fh:
1531 2024 1622 2070 53:32535
1648 2025 1735 2065 &uf-di
1755 2027 1856 2065 „adu

186 2097 307 2143 (μί-,ί
335 2108 476 2144 Una-ss&
505 2098 646 2146 &att-555,
674 2099 710 2132 id
733 2104 805 2137 est,
835 2098 935 2144 Opus
954 2101 1188 2144 conseriptmn
1215 2099 1257 2132 ab
1277 2097 1423 2135 Amero,
1451 2097 1524 2131 Dei
1544 2110 1645 2133 servo
1666 2112 1850 2146 paupere,

172 2173 208 2215 sl
236 2170 400 2205 Doctorls
426 2171 685 2206 Molmvmmeslis
697 2176 733 2217 s.
757 2171 902 2206 IIasani
926 2172 1114 2206 nil-Itoana·
1137 2174 1175 2205 in
1198 2174 1281 2207 urbe
1307 2171 1337 2206 C
1338 2173 1522 2206 cmcabavno.
1574 2173 1692 2206 Pauca
1716 2179 1852 2208 tantum

183 2244 226 2278 dc
257 2243 385 2278 Amero
407 2247 567 2282 novimus
593 2258 673 2282 eum
698 2258 768 2281 non
796 2246 864 2280 nisi
889 2258 908 2280 e
936 2245 1018 2281 Cod.
1045 2251 1164 2281 nostro
1195 2245 1313 2291 aliqua
1343 2247 1419 2291 ejus
1451 2247 1579 2281 notitia
1606 2246 1650 2282 ad
1677 2258 1739 2281 nos
1768 2258 1850 2291 per-

1793 2332 1850 2354 VC·
