2055 2865
238 292 398 318 aversus,
424 278 518 311 illius
536 275 731 310 auctoritas
751 280 787 309 et
804 274 914 309 robur
933 274 1006 308 huc
1026 286 1140 321 usque
1169 274 1341 309 Pascham
1368 286 1509 322 prorsus
1528 277 1802 324 impediverant,
1828 287 1900 322 quo

236 343 353 376 minus
374 339 532 373 consiliis
558 337 749 384 tyrannicis
779 348 902 371 aurem
924 336 1116 382 :praeberet
1133 341 1169 369 οἳ
1184 348 1250 381 per
1268 337 1440 382 injustam
1461 339 1587 382 agendi
1612 340 1786 372 rationem
1802 348 1903 383 prae-

237 404 395 437 fecturae
407 412 490 434 suae
503 400 591 433 fines
607 404 830 444 propagaret.
863 397 1013 443 Egregie
1031 395 1183 440 principi
1202 397 1371 430 successit
1391 397 1468 441 ejus
1489 397 1582 430 filius
1603 398 1901 432 Schamseddinus

236 463 435 500 Ahmedes,
470 461 636 506 princeps
663 461 794 494 'bellica
820 460 955 494 virtute
992 458 1126 495 clarus,
1159 456 1274 490 laudis
1304 463 1340 489 ct
1369 457 1497 502 gloriae
1534 458 1799 503 cupidissimus,
1837 457 1900 491 sed

231 524 349 558 minus
375 522 591 568 integritatis
620 521 799 554 studiosus
826 532 933 566 quain
962 518 1145 564 potentiae
1176 530 1313 557 amans,
1347 520 1454 563 cujus
1480 518 1685 553 vehementi
1724 517 1902 551 desiderio

230 585 434 619 tenebatur.
482 583 586 616 Hane
609 588 654 615 ut
683 582 940 626 adipisceretur
969 579 1171 617 maximam,
1207 579 1244 611 in
1269 590 1307 612 re
1331 580 1509 624 praesenti
1538 579 1707 624 optimam
1730 590 1773 612 .se
1803 577 1903 623 sequi

236 646 329 680 viam
345 651 444 678 ratus
465 649 536 682 cst,
565 643 594 676 si
611 655 646 676 se
665 648 780 675 totum
800 642 838 674 in
855 640 1013 674 Paschae
1036 639 1240 673 tradidisset
1262 640 1480 673 clientelam:
1508 646 1741 686 quapropter,
1767 644 1808 672 ut
1827 639 1902 672 obi-

226 712 308 740 erat
329 705 541 739 Izzeddinus
562 704 682 737 statim
700 703 831 735 litteris
850 701 895 734 ad
916 701 1098 733 Hasanum
1118 700 1231 738 datis,
1258 701 1292 733 ei
1312 702 1538 735 annuntiavit
1557 701 1668 746 patris
1696 700 1750 733 sui
1778 700 1901 733 deces-

233 779 310 799 sum
338 773 375 800 et
402 771 481 811 post
508 765 648 808 longam
685 760 1067 809 commemorationem
1084 760 1170 793 fidei
1200 767 1386 805 paternae,
1423 764 1525 807 cujus
1565 761 1768 795 testimonia
1797 766 1899 794 erant

229 833 369 872 promta
384 827 460 870 ejus
479 830 515 857 et
530 829 655 868 parata
676 823 839 855 celeritas
856 822 894 854 in
920 821 1108 854 mittendis
1136 821 1274 854 auxiliis
1295 828 1332 854 ct
1360 822 1527 855 subsidiis
1548 822 1834 867 quotiescunque
1854 821 1897 854 iis

226 886 439 931 indiguisset
459 884 615 922 Pascha,
643 883 698 917 uti
717 889 752 916 et
772 888 946 928 perpetua
967 882 1044 926 ejus
1058 893 1124 926 pro
1151 882 1299 915 Sultano
1320 881 1431 921 bella,
1457 882 1637 927 pollicitus
1658 887 1710 914 est
1731 893 1767 913 se
1787 882 1896 925 magis

225 948 334 980 etiam
355 947 428 980 sore
448 947 705 990 obsequentem
725 944 872 977 Sultano
901 948 938 976 et
961 943 1191 976 obedientem
1217 943 1379 976 omnibus
1409 942 1567 976 Paschae
1593 941 1701 986 jussis
1726 947 1762 975 et
1787 941 1897 975 inter-

225 1008 342 1041 dictis.
394 1007 493 1050 Quae
514 1007 655 1039 litterae
678 1016 759 1038 euni
776 1004 821 1036 ad
841 1003 1013 1036 Pascham
1031 1009 1287 1048 pervenerant,
1318 1004 1477 1037 ostendit
1506 1004 1563 1037 ille
1592 1003 1767 1036 sinceram
1796 1013 1896 1036 suam

221 1068 406 1100 tristitiam
420 1073 460 1099 et
481 1078 597 1100 acrem
616 1077 688 1111 quo
705 1065 842 1097 animus
861 1064 1084 1096 afficiebatur
1103 1065 1260 1098 dolorem
1291 1065 1336 1098 ob
1365 1065 1551 1098 Izzeddini
1574 1064 1778 1097 amicissimi
1798 1064 1895 1108 prin-

218 1128 311 1173 cipis
328 1127 563 1166 desiderium,
582 1132 622 1160 et
641 1126 677 1159 in
693 1136 771 1158 eam
786 1124 998 1157 sententiam
1016 1125 1063 1157 ad
1075 1124 1274 1158 Ahmedem
1292 1126 1369 1169 ejus
1388 1126 1502 1158 filium
1519 1125 1717 1170 rescripsit,
1745 1130 1897 1158 testatus

226 1189 259 1221 ei
290 1188 447 1220 dolorem
471 1200 515 1220 ex
544 1187 638 1220 illius
667 1185 825 1231 parentis
850 1191 963 1218 morte
990 1191 1222 1230 conceptu-1113
1250 1186 1354 1218 simul
1385 1191 1503 1218 tamen
1531 1197 1611 1218 eum
1630 1185 1892 1223 consolaturus,

222 1248 383 1282 laudavit
403 1248 497 1280 illius
518 1247 681 1292 obsequii
703 1246 850 1279 consilia
879 1252 914 1279 et
942 1246 1123 1290 pollicitus
1152 1251 1205 1278 cst
1234 1259 1308 1281 sese
1337 1246 1446 1291 magis
1474 1245 1583 1279 etiam
1613 1245 1681 1289 ipsi
1710 1245 1895 1279 fauturum

217 1320 328 1355 quam
344 1307 455 1351 patri,
486 1313 562 1340 tum
582 1307 628 1340 ob
644 1308 801 1352 parentis
821 1307 1026 1339 memoriam
1045 1312 1121 1339 tum
1139 1307 1185 1339 ob
1202 1308 1310 1352 ipsius
1328 1307 1497 1351 majorem
1524 1305 1765 1339 obedientiam
1785 1317 1894 1351 quam

221 1370 315 1403 ultro
335 1369 402 1402 sibi
429 1368 651 1413 promiserat.
700 1367 856 1410 Rogatus
885 1366 1016 1399 deinde
1038 1380 1057 1400 a
1079 1367 1358 1400 Schamseddino
1385 1372 1427 1399 ut
1454 1366 1632 1399 amicitiae
1654 1372 1690 1399 et
1712 1366 1892 1400 societatis

219 1430 407 1464 vinculum
430 1428 666 1474 jurejurando
685 1427 973 1465 confirmaretur,
1000 1427 1132 1472 legavit
1149 1428 1287 1461 Pascha
1306 1427 1546 1461 consiliarium
1570 1438 1673 1459 suum
1689 1427 1894 1472 Khoudjam

225 1492 368 1530 Alium,
395 1490 458 1536 qui
472 1493 761 1535 perscrutaretur
780 1487 875 1521 illius
892 1488 1001 1521 animi
1022 1488 1236 1521 sententiam
1252 1494 1306 1527 et,
1334 1488 1362 1521 si
1379 1499 1461 1520 eum
1481 1487 1518 1519 in
1536 1486 1699 1519 omnibus
1726 1487 1893 1521 obedien·

217 1559 293 1586 tem
310 1558 347 1585 et
366 1551 523 1585 Paschae
542 1549 705 1582 deditum
724 1549 970 1593 comperisset,
998 1549 1223 1583 confirmaret
1252 1549 1330 1593 ejus
1349 1549 1561 1594 dignitatem
1589 1553 1626 1581 et
1645 1547 1792 1581 ditionis
1807 1547 1899 1582 Cau-

220 1612 429 1646 cabanensis
451 1610 725 1655 praefecturam.
777 1610 882 1642 Brevi
909 1610 994 1642 111110
1023 1610 1139 1654 legato
1170 1610 1328 1643 innotuit
1356 1608 1626 1642 Schamseddini
1655 1608 1836 1653 ingenium
1857 1614 1895 1642 et

220 1673 398 1706 amicitiae
416 1670 600 1703 sinceritas
612 1695 619 1707 ‚
645 1669 700 1701 uti
712 1669 819 1702 etiam
839 1669 934 1702 illius
952 1668 1191 1702 firmissimum
1210 1670 1404 1703 constantis
1423 1669 1649 1702 obedientiae
1666 1669 1806 1702 Ilasano
1826 1669 1891 1702 Pa-

219 1733 326 1767 schae
345 1731 576 1777 praestandae
599 1730 802 1763 consilium:
830 1741 872 1762 ex
893 1728 1009 1762 animo
1028 1729 1122 1763 enim
1142 1742 1226 1763 vero
1245 1730 1423 1775 pollicitus
1442 1735 1517 1763 erat
1538 1742 1574 1762 se
1595 1729 1712 1762 omnia
1730 1730 1890 1763 Paschae

215 1795 315 1838 jussa
335 1793 529 1830 facturum,
557 1791 847 1836 quandoquidem
877 1789 946 1822 hoc
969 1790 1162 1835 plurimum
1178 1791 1247 1824 sibi
1266 1791 1463 1825 conducere
1488 1790 1713 1824 existimabat
1741 1802 1891 1836 eamque

221 1867 327 1888 unam
338 1859 486 1887 noverat
503 1852 597 1886 viam
617 1852 661 1884 ad
681 1852 852 1884 honorem
868 1851 1126 1895 etdignitatem
1144 1851 1314 1885 continuo
1334 1852 1602 1885 increscentem.
1634 1851 1787 1895 Accepit
1805 1862 1888 1895 ergo

224 1928 244 1948 a
262 1915 416 1953 Pascha,
445 1914 502 1947 cui
521 1913 689 1957 hhoudja
710 1912 812 1945 Alius
839 1912 928 1945 haec
944 1912 1066 1945 onmia
1090 1913 1275 1951 retulerat,
1302 1913 1445 1957 publica
1473 1913 1617 1945 honoris
1644 1917 1680 1944 et
1708 1911 1885 1945 amicitiae

216 1977 419 2010 testimonia
438 1982 474 2009 et
495 1986 611 2007 eoram
632 1974 749 2018 legato
766 1972 1019 2017 jusjurandum
1040 1973 1220 2017 praestitit
1241 1972 1466 2006 obedientiae
1484 1985 1566 2006 suae
1588 1979 1624 2005 et
1644 1971 1885 2005 submissionis

216 2038 364 2070 Sultano
394 2037 544 2082 ejusque
575 2033 749 2068 Paschae:
785 2044 856 2077 quo
888 2032 983 2065 facto
1013 2033 1183 2078 Klioudja
1211 2032 1315 2066 Alius
1343 2033 1451 2066 rediit
1480 2032 1630 2065 Sanaam
1659 2036 1696 2064 et
1717 2042 1796 2064 cum
1820 2031 1881 2064 illo

216 2095 477 2130 Blohammedes
506 2095 527 2128 s.
551 2094 682 2128 IIasani
709 2092 899 2129 al-llamzi,
926 2092 1113 2127 Izzeddini
1144 2094 1324 2139 quondam
1353 2093 1516 2129 Vesirus,
1544 2096 1580 2124 et
1606 2091 1695 2124 alius
1715 2091 1884 2135 011111101-

219 2155 319 2197 pibus
341 2154 612 2189 Schamseddini
640 2153 827 2191 ministris,
863 2152 926 2198 qui
956 2153 1048 2186 dona
1078 2152 1236 2186 Paschae
1264 2153 1412 2198 ejusque
1441 2152 1513 2185 filio
1542 2150 1714 2184 offerrent
1733 2155 1769 2183 et
1789 2150 1882 2183 illius

215 2216 415 2259 acciperent
437 2215 616 2249 societatis
633 2213 898 2259 jusjurandum.
949 2213 1060 2246 Multa
1081 2218 1156 2245 tum
1175 2214 1268 2246 dona
1287 2213 1549 2258 maximumque
1577 2211 1747 2244 honorem
1771 2211 1879 2245 Hasa-

212 2286 277 2307 nus
296 2275 554 2310 tribuitVesiro
572 2276 716 2309 laudato
738 2275 887 2319 ejusque
909 2274 1048 2312 comiti,
1068 2279 1104 2306 et
1122 2285 1202 2306 eum
1223 2274 1430 2318 gratianimi
1453 2272 1705 2306 testificatione
1724 2271 1878 2315 acceptis

210 2335 480 2369 Schamseddini
506 2337 712 2370 muneribus
742 2335 898 2369 ostendit
921 2346 1028 2380 quam
1058 2334 1207 2367 maxime
1235 2334 1302 2367 sibi
1328 2340 1465 2379 gratum
1489 2333 1678 2366 esseillius
1695 2331 1882 2365 consilium

1796 2391 1878 2426 obe-
