2055 2865
954 193 1237 230 *74-

267 303 354 334 ciret
375 304 410 331 et
430 296 515 330 beni
536 295 670 328 socium
689 293 855 326 redderet
876 291 943 324 sibi
962 290 1142 323 deditum:
1169 289 1265 336 quod
1282 302 1323 324 ex
1342 297 1424 324 voto
1445 291 1495 325 1111
1523 294 1636 327 cessit.
1687 293 1817 328 Paucis
1838 278 1932 326 enim

264 361 389 394 dicbus
414 363 602 403 postquam
622 354 829 387 mandatum
850 353 936 385 illud
955 358 1160 396 acceperat,
1188 352 1290 385 initio
1315 353 1444 385 mensis
1464 353 1672 388 Schawwali
1694 354 1833 397 (medio
1853 355 1935 400 Sep-

267 421 393 455 tembri
416 416 531 461 1584)
550 416 595 450 ad
614 415 787 449 Pascham
808 414 958 447 accessit
978 412 1155 446 Lothfalla
1183 413 1353 459 illumque
1386 413 1647 447 comitabantur
1674 415 1744 448 duo
1767 416 1843 461 ejus
1873 427 1936 460 pa-

264 482 395 515 trueles
413 479 519 523 Jahja
551 478 572 511 f.
596 476 835 511 Radhieddini
854 481 867 497 ³
896 481 932 508 et
956 474 1168 508 Izzeddinus
1199 475 1220 508 s.
1247 475 1379 508 Hasani
1410 475 1431 508 s.
1460 475 1585 508 Imami
1611 475 1882 508 Scharaseddini
1901 481 1938 509 et

265 544 350 577 lecti
384 541 531 588 quidam
561 538 740 584 principes
767 536 979 581 militesque.
1039 536 1189 568 Sanaam
1222 536 1523 582 adpropinquanti
1563 536 1760 569 Lothsallae
1798 530 1940 568 obviam

266 605 349 643 ivit,
372 603 524 648 jubente
544 599 696 637 Pascha,
724 599 834 643 hujus
855 598 950 631 filius
971 596 1148 630 IIoseinus
1165 609 1244 630 cum
1264 598 1427 631 omnibus
1443 597 1683 643 principibus,
1710 596 1936 642 magnatibus

267 671 303 698 et
321 662 513 700 mnitibus,
531 661 593 706 qui
615 661 749 694 Sanaae
771 663 890 699 erant3
914 662 956 690 ut
975 656 1020 689 ad
1038 656 1211 690 pascham
1231 658 1419 692 accesserit
1438 658 1496 691 ille
1517 657 1629 691 multo
1648 669 1729 690 cum
1747 657 1882 690 honore
1903 653 1941 690 et

267 724 416 757 maxima
447 721 603 755 onmium
631 719 856 753 reverentia:
892 716 994 761 cujus
1022 716 1237 761 receptionis
1268 717 1490 762 splendorem
1521 719 1617 752 auxit
1647 719 1754 752 ctiam
1781 710 1938 758 Pascha}

266 785 328 831 qui
347 785 384 817 in
402 782 558 816 omnium
581 785 774 824 conspectu
793 777 1003 811 amicissime
1029 788 1110 809 cum
1131 787 1172 808 eo
1202 776 1399 811 collocutus
1429 784 1527 812 veste
1539 778 1752 820 ‘honorifica
1779 791 1860 813 eum
1883 780 1938 813 in-

265 847 345 879 duit
360 843 523 889 pretiosa.
575 841 618 873 In
639 841 715 884 ejus
729 851 832 872 usum
853 851 937 872 vero
957 842 1229 883 praeparaverat
1250 837 1412 871 Hasanus
1441 838 1625 871 Izzeddini
1650 840 1840 882 palatium,
1867 851 1936 873 ser-

264 908 335 945 vis,
364 905 486 951 coquis
505 909 541 937 et
562 901 808 946 cujuscunque
828 900 964 945 generis
985 899 1233 932 alimentorum
1251 899 1402 932 maxima
1422 899 1522 943 copia
1544 899 1629 931 illuc
1649 899 1780 932 missis:
1808 912 1938 944 quum-

264 980 335 1013 quc
356 965 554 999 secundum
574 961 732 996 Paschae
754 961 971 993 desiderium
989 959 1152 1005 quotidie
1176 959 1212 992 in
1234 960 1314 992 aula
1333 965 1608 992 commoraretur
1633 960 1727 1004 apud
1748 960 1939 1000 Pascham,

266 1027 470 1073 saepissime
493 1024 553 1058 hic
582 1023 683 1055 illum
709 1021 916 1053 muneribus
945 1021 1093 1055 donavit
1116 1020 1400 1065 pretiosissimis,
1435 1020 1595 1065 inprimis
1624 1020 1789 1065 operibus
1818 1032 1939 1066 argen-

264 1088 334 1122 teis
364 1085 552 1130 aureisque
582 1089 618 1117 et
654 1081 812 1116 vestibus
840 1081 1065 1119 honorificis,
1099 1081 1192 1113 inter
1221 1093 1308 1126 quas
1346 1081 1527 1115 eminebat
1553 1082 1676 1115 tunica
1707 1081 1858 1115 mirifica
1886 1082 1939 1115 in-

265 1148 402 1184 dustria
423 1152 588 1184 consuta,
615 1144 752 1177 intexta
771 1154 857 1176 auro
879 1147 915 1175 et
934 1147 1058 1175 ornata
1075 1141 1275 1186 margaritis
1304 1142 1445 1181 electis,
1477 1143 1652 1188 cujusque
1680 1144 1836 1188 pretium
1863 1149 1939 1184 crat

267 1211 544 1256 quingentorum
570 1216 795 1239 nummorum
823 1213 1035 1237 aureorum:
1071 1202 1175 1236 sociis
1203 1201 1401 1235 Lothfallae
1437 1203 1583 1248 reliquis
1620 1205 1759 1248 saepius
1789 1217 1939 1251 quoque

265 1273 359 1316 large
397 1268 560 1306 donatis,
597 1266 723 1310 Jahjae
758 1264 779 1297 s.
818 1264 1058 1298 Radhieddini
1106 1263 1322 1308 stipendium
1364 1263 1538 1297 concessit
1586 1263 1817 1297 Sultanicum.
1879 1266 1938 1299 Sic

263 1333 374 1377 igitur
403 1329 600 1364 Lothsallae
631 1327 789 1360 animum
818 1325 1009 1370 occupavit
1036 1336 1189 1370 eumque
1217 1324 1363 1357 retraxit
1390 1323 1434 1356 ab
1454 1324 1527 1357 Alii
1548 1325 1675 1369 Jahjae
1704 1325 1880 1359 consortio
1902 1315 1939 1361 et

265 1392 423 1427 amicitia
443 1390 617 1435 simulque
640 1399 721 1421 eum
741 1387 876 1420 Sanane
894 1385 1053 1418 retinuit.
1104 1385 1233 1418 Paucis
1245 1396 1328 1418 vero
1346 1384 1526 1418 mensibus
1546 1391 1628 1418 ante
1649 1386 1727 1430 ejus
1743 1387 1937 1421 adventum

265 1454 460 1489 exercitum
480 1452 620 1485 firinum
637 1455 673 1482 et
692 1447 928 1482 multifarium
952 1446 1037 1480 belli
1067 1451 1276 1491 apparatum
1303 1434 1479 1477 instruere
1506 1452 1542 1478 ct
1565 1458 1772 1491 praeparare
1797 1449 1938 1493 incepe-

263 1523 319 1549 rat
345 1527 407 1561 pcr
438 1511 703 1547 Dcsterdarium
735 1509 958 1543 Sultanicum
988 1507 1213 1552 Mustapham
1243 1506 1265 1539 s.
1293 1505 1440 1539 Thahiri
1457 1531 1464 1544 ,
1501 1506 1559 1539 cui
1586 1506 1698 1539 socios
1725 1508 1936 1552 adjunxerat

265 1576 461 1622 principem
496 1574 698 1607 Khidhrum
735 1570 859 1615 Bcgb‚
891 1568 1103 1605 Hafidhum,
1140 1567 1416 1600 Mothahherum
1446 1566 1467 1599 s.
1501 1567 1726 1605 Schowaiae,
1761 1567 1882 1601 Alium
1912 1570 1935 1610 f,

265 1635 457 1670 Mattaschi
477 1640 514 1667 et
541 1634 627 1666 alios
651 1631 821 1677 quosdam
842 1629 1021 1673 principes
1042 1628 1196 1660 Arabes:
1231 1639 1382 1672 cumque
1403 1627 1519 1659 omnia
1538 1634 1660 1672 parata
1680 1635 1816 1668 essent,
1843 1643 1935 1675 quae

268 1698 312 1731 ad
332 1696 465 1730 bellum
485 1693 653 1728 adversus
673 1691 796 1724 Alium
814 1689 956 1734 Jahjam
977 1688 1170 1733 gerendum
1191 1694 1291 1721 erant
1308 1687 1525 1725 necessaria,
1553 1688 1725 1721 exercitui
1752 1689 1804 1722 illi
1832 1702 1934 1736 prae-

266 1760 402 1792 fecerat
420 1754 643 1799 Mustapham
664 1761 815 1796 eumque
832 1749 989 1793 jusserat
1007 1752 1120 1780 castra
1137 1759 1269 1792 ponere
1289 1753 1385 1781 extra
1414 1746 1538 1780 urbem
1564 1748 1729 1789 Sanaam3
1756 1750 1853 1794 quod
1878 1757 1940 1784 30..)

266 1819 355 1853 cidit
371 1821 522 1850 exeunte
542 1824 661 1847 mense
683 1809 856 1855 Djomada
875 1808 1072 1854 posteriore
1094 1806 1269 1848 (exeunte
1288 1806 1396 1841 Junio
1422 1807 1505 1840 anni
1529 1805 1660 1851 1584),
1688 1808 1810 1854 ibique
1840 1822 1934 1844 com.

265 1878 412 1916 morari,
438 1877 552 1909 donec
583 1872 766 1907 castellum
795 1869 1032 1906 Omm-Laila,
1059 1867 1156 1912 quod
1182 1872 1267 1899 tunc
1288 1867 1519 1901 obsidebatur
1539 1879 1559 1900 a
1579 1868 1728 1906 Sinano,
1757 1881 1933 1914 expugna-

265 1945 383 1974 retur:
411 1942 453 1971 ut
480 1935 586 1972 adeo,
617 1931 808 1978 siquando
830 1930 1070 1975 susciperetur
1091 1939 1111 1960 a
1130 1927 1290 1972 principe
1322 1927 1506 1961 Ahnoumi
1534 1933 1595 1960 aut
1625 1927 1743 1973 aliquo
1771 1921 1936 1973 principe

267 1998 411 2034 Schami
431 1994 610 2041 expeditio
631 1993 775 2030 bellica,
801 2003 872 2037 qua
891 1990 1040 2024 obsessis
1061 1992 1345 2025 succurreretur,
1374 1999 1416 2019 co
1434 1988 1592 2019 exercitu
1610 1991 1772 2019 uteretur
1797 1987 1935 2020 Pascha

266 2061 311 2094 ad
328 2057 450 2094 Sinani
467 2055 645 2089 auxilium.
697 2052 886 2098 Quumque
916 2052 966 2084 ita
997 2051 1172 2085 exereitus
1198 2050 1257 2082 ille
1289 2047 1450 2081 munibus
1475 2047 1580 2080 rebus
1611 2047 1806 2080 instructus
1827 2053 1864 2081 et
1881 2060 1934 2081 or-

266 2127 372 2154 natus
402 2121 676 2151 commoraretur
697 2114 734 2146 in
761 2113 883 2146 castris
912 2123 1022 2157 prope
1044 2113 1194 2146 Sanaam
1217 2110 1362 2156 positis,
1390 2109 1434 2142 ad
1464 2108 1588 2142 Tsolae
1618 2107 1839 2142 obsidionem
1859 2101 1936 2142 omss

263 2184 346 2215 nino
372 2185 534 2226 paratus,
569 2188 633 2222 per
660 2175 797 2209 litteras
827 2173 1104 2208 Schamseddino
1128 2172 1286 2208 Ahmedi
1320 2170 1509 2216 imperavit
1547 2168 1702 2209 Pascha,
1737 2176 1778 2204 ut
1807 2180 1931 2214 agmen

1891 2240 1933 2263 ex

315 2360 329 2376 ⁸
346 2353 446 2402 οιΑ-*Μ
475 2363 551 2410 αἵ)
580 2364 623 2399 σθ
653 2361 772 2400 &⁵³³
937 2347 957 2371 ι’
971 2348 1025 2389 ⁸25³*
1046 2350 1131 2407 2⁸²⁵?
1152 2346 1256 2394 5-2‘05'5·
